2864 4800
157 261 201 325 92
568 258 676 314 arena
694 258 741 317 rx.
773 258 849 315 cnr.
869 266 911 317 aa.
1179 284 1198 315 1
1212 285 1236 314 a
1250 284 1270 314 0.
1284 275 1333 315 un

158 426 304 506 saeptam
327 442 394 486 non
416 421 557 486 hostium
577 422 682 508 magis
701 423 798 486 armis
818 444 916 507 quam
934 423 1078 487 locorum
1097 421 1331 506 iniquitatibus

123 532 238 581 cesse.
288 511 354 576 iam
381 510 536 594 gaudium
568 511 690 576 invidia
721 512 860 595 quadam
888 511 1098 592 miscebatur,
1130 511 1216 595 quod
1248 511 1331 576 belli

157 600 295 665 Romani
319 600 414 664 decus
443 600 484 664 ab
514 599 715 665 Samnitibus
743 600 875 666 fortuna
902 600 943 664 ad
966 599 1122 664 Etruscos
1145 600 1330 666 avertisset.

123 688 267 773 litaque
290 689 389 752 armis
412 688 553 773 virisque
583 689 623 753 ad
652 689 900 772 opprimendum
923 686 958 754 O.
981 687 1137 753 Marcium
1161 690 1330 755 consulem

157 782 367 860 concurrunt,
400 778 547 860 protinus
580 778 654 841 inde
682 777 849 841 Etruriam
876 799 935 862 per
964 776 1092 842 Marsos
1122 799 1159 842 ac
1188 777 1329 845 Sabinos

121 887 138 936 s
158 866 301 950 petituri,
324 865 352 930 si
380 864 521 931 Marcius
549 866 723 931 dimicandi
749 869 945 950 potestatem
969 888 1035 930 non
1057 866 1165 931 faciat
1211 867 1329 932 obvius

156 955 209 1020 his
233 955 344 1020 consul
368 953 440 1019 fuit.
485 954 673 1019 dimicatum
700 954 822 1039 proelio
848 954 1009 1039 utrimque
1032 954 1135 1019 atroci
1157 959 1256 1040 atque
1279 956 1329 1020 in·

157 1049 245 1110 certo
270 1046 386 1108 eventu
404 1047 463 1126 est,
486 1047 609 1107 etcum
629 1064 746 1127 anceps
765 1041 878 1108 caedes
897 1043 1022 1125 fuisset,
1045 1043 1197 1109 adversae
1214 1051 1330 1109 tamen

157 1133 204 1197 rei
231 1132 320 1196 fama
348 1132 382 1195 in
408 1130 574 1197 Romanos
606 1132 704 1197 vertit
736 1133 778 1197 ob
811 1131 948 1197 amissos
981 1132 1137 1216 quosdam
1166 1134 1328 1217 equestris

157 1220 281 1287 ordinis
303 1220 516 1304 tribunosque
539 1221 680 1284 militum
703 1225 800 1305 atquc
819 1243 917 1285 unum
936 1221 1082 1306 legatum
1105 1225 1147 1305 et,
1170 1220 1257 1305 quod
1278 1221 1328 1286 in·

158 1311 251 1394 signe
275 1309 414 1373 maxime
437 1309 509 1392 fuit,
531 1310 672 1374 consulis
694 1310 797 1394 ipsius
821 1311 945 1375 vulnus.

121 1422 137 1471 9
246 1397 296 1462 Ob
319 1397 399 1463 haec
422 1397 520 1462 etiam
543 1402 640 1463 ancta
656 1398 753 1480 fama,
777 1401 813 1462 ut
836 1399 927 1480 solet,
949 1399 1065 1484 ingens
1088 1403 1194 1462 terror
1215 1401 1328 1482 patres

156 1486 286 1575 invasit,
309 1487 561 1571 dictatoremque
586 1486 649 1551 dici
671 1487 835 1571 placebat3
859 1509 919 1552 nec
937 1488 1017 1572 quin
1035 1485 1157 1553 Cursor
1174 1485 1327 1571 Papirius

156 1575 323 1659 diceretur,
350 1576 385 1639 in
413 1596 477 1659 quo
505 1581 575 1639 tum
599 1597 724 1640 summa
748 1575 794 1640 rei
816 1577 951 1641 bellicae
973 1576 1168 1661 ponebatur,
1191 1575 1327 1640 dubium

101 1687 134 1736 10
155 1665 305 1748 cuiquam
329 1668 408 1728 erat.
454 1663 510 1728 sed
527 1686 586 1729 nec
608 1665 642 1728 in
662 1663 832 1729 Samnium
850 1665 1000 1728 nuntium
1019 1665 1154 1749 perferri
1172 1665 1326 1729 omnibus

153 1752 283 1817 infestis
311 1755 382 1816 tuto
411 1775 506 1836 posse
534 1773 594 1817 nec
621 1754 728 1817 vivere
754 1752 913 1818 Marcium
947 1754 1112 1818 consulem
1140 1754 1220 1817 satis
1247 1753 1326 1817 fide·
1389 1790 1392 1795 ·

101 1864 133 1912 11
154 1841 249 1923 bant3
269 1841 352 1904 alter
371 1841 484 1904 consul
502 1839 624 1904 Fabius
647 1842 786 1906 infestus
805 1843 957 1925 privatim
975 1841 1106 1924 Papirio
1126 1845 1205 1907 erat.
1242 1863 1326 1926 qnae

153 1950 194 1992 ne
218 1929 267 1992 ira
290 1928 434 1992 obstaret
461 1928 549 1993 bono
572 1929 712 2013 publico,
734 1930 862 2013 legatos
886 1952 925 1995 ex
948 1931 1165 1996 consularium
1188 1952 1325 1995 numero

100 2040 134 2089 12
153 2014 330 2081 mittendos
354 2015 395 2080 ad
419 2037 492 2080 eum
520 2022 652 2080 senatus
679 2017 817 2097 censuit,
840 2019 897 2102 qui
920 2042 979 2084 sua
1002 2041 1129 2104 quoque
1152 2041 1236 2103 eum,
1258 2040 1327 2085 non

152 2105 284 2189 publica
308 2105 413 2169 solum
434 2105 627 2170 auctoritate
646 2111 823 2188 moverent,
845 2110 882 2171 nt
900 2109 1089 2172 memoriam
1107 2107 1326 2173 simultatium

101 2219 133 2267 la
153 2196 279 2278 patriae
293 2193 482 2259 remitteret.
518 2193 656 2278 profecti
669 2194 771 2279 legati
789 2195 830 2259 ad
847 2195 986 2260 Fabium
1004 2218 1078 2262 cnm
1097 2201 1229 2260 senatus
1249 2218 1326 2262 con·

154 2283 275 2348 sultam
315 2282 526 2348 tradidissent
566 2283 820 2368 adiecissentque
863 2284 1041 2349 orationem
1081 2285 1325 2351 convenientem

153 2371 326 2454 mandatis,
349 2372 461 2436 consul
485 2371 633 2436 demissis
656 2372 691 2436 in
713 2376 834 2437 terram
858 2373 960 2438 oculis
978 2375 1098 2438 tacitus
1121 2374 1163 2438 ab
1182 2374 1323 2459 incertis,

101 2484 135 2533 14
154 2460 306 2545 quidnam
331 2464 461 2525 acturus
486 2465 586 2542 esset,
612 2461 730 2547 legatis
753 2463 900 2548 recessit,
928 2465 1022 2526 nocte
1046 2462 1159 2526 deinde
1183 2463 1326 2544 silentio,

153 2553 192 2613 ut
219 2570 290 2613 mos
319 2553 381 2630 est,
410 2548 444 2614 L.
471 2549 638 2633 Papirium
661 2551 852 2616 dictatorcm
881 2550 972 2615 dixit.
1017 2551 1068 2616 cui
1091 2572 1165 2616 cum
1188 2550 1230 2615 ob
1255 2552 1327 2616 ani·

154 2659 244 2701 mum
267 2639 398 2722 egregie
421 2639 544 2703 victum
567 2638 668 2725 legati
691 2639 814 2724 gratias
834 2642 976 2724 agerent,
1000 2640 1202 2705 obstinatum
1225 2640 1324 2704 silen-

153 2725 235 2790 tium
265 2727 408 2791 obtinuit
435 2749 472 2793 ac
501 2728 569 2793 sine
597 2749 752 2812 responso
776 2750 813 2794 ac
837 2729 999 2815 mentione
1022 2727 1100 2793 facti
1124 2728 1174 2793 sui
1196 2728 1325 2813 legatos

154 2815 286 2900 dimisit,
304 2819 341 2879 ut
356 2820 527 2899 appareret
539 2815 701 2902 insignem
716 2816 859 2897 dolorem
878 2816 1004 2902 ingenti
1018 2816 1187 2900 comprimi
1207 2817 1326 2884 animo.

154 3075 345 3131 stantiviertes
366 3076 479 3143 Naum,
504 3078 556 3132 wie
580 3083 595 3142 ς
615 3083 713 3146 apro·
801 3079 920 3149 samma]
936 3077 1129 3145 dastchsta
1144 3080 1193 3133 das
1207 3079 1326 3135 hochste

154 3148 247 3213 010111,
265 3152 280 3212 5
297 3152 330 3200 10
348 3149 480 3202 manibus,
767 3148 930 3204 Vertrauen.

189 3218 397 3289 iniquitatibus]
443 3217 565 3272 seltener
607 3216 713 3285 Plural,
804 3226 845 3274 11.
865 3219 974 3275 Fabius
988 3261 995 3276 .
1007 3260 1013 3273 .
1026 3261 1031 3273 .
1046 3219 1117 3290 erat]
1127 3219 1232 3275 Fabius
1244 3222 1325 3276 hatte

156 3287 441 3356 ‘Schwierigkeiten’.
767 3296 818 3345 325
842 3309 868 3346 1.
891 3290 954 3344 Chr.
984 3290 1026 3343 als
1054 3289 1249 3347 Reiteroberst
1275 3292 1325 3347 des

191 3365 214 3412 1.
234 3359 457 3430 armieoa'risquc]
469 3359 703 3415 =viriaarmatis
767 3361 896 3431 Papirius
914 3359 945 3413 in
964 3359 1064 3415 dassen
1082 3362 1281 3418 Abwesenheit
1298 3381 1326 3421 n.

154 3429 217 3485 eine
243 3429 290 3484 bei
313 3429 406 3483 Livius
431 3430 544 3498 haufige
567 3429 713 3485 Wortver-
766 3448 857 3501 gagen
882 3432 978 3486 seinen
995 3431 1096 3487 Befehl
1119 3431 1165 3487 die
1184 3432 1327 3490 Samniter

153 3500 279 3571 bindung
297 3501 336 3571 (1,
351 3505 438 3569 ao,4;
458 3500 484 3570 8,
502 3506 543 3570 13,
559 3507 586 3567 13
608 3501 654 3570 23,
669 3508 712 3570 30,
766 3501 948 3571 geschlagem
978 3502 1014 3557 da
1039 3501 1090 3558 ihn
1118 3504 1168 3558 der
1192 3503 1325 3561 Diktator

154 3579 212 3628 611.
227 3574 272 3642 a).
767 3572 883 3627 deshalb
912 3576 966 3628 mit
994 3575 1057 3629 dem
1080 3573 1157 3628 Tode
1180 3574 1325 3631 bestrafen

189 3642 348 3768 3011000εᾶ
374 3642 459 3697 ‘ohne
477 3640 712 3711 Entscheidung',
766 3644 875 3713 1101110,
905 3645 1010 3700 entfloh
1029 3663 1059 3700 er
1077 3644 1150 3700 nach
1169 3645 1241 3701 Rom
1266 3649 1324 3703 und

152 3714 248 3769 indem
263 3715 312 3769 der
350 3714 436 3770 erlust
447 3714 498 3768 auf
506 3713 607 3768 beiden
617 3712 711 3768 Seiten
766 3715 882 3786 entging
901 3733 953 3769 nur
970 3717 1058 3771 durch
1077 3718 1123 3771 die
1149 3717 1325 3788 dringenden

153 3785 213 3841 fast
230 3785 324 3855 gleich
342 3801 407 3839 war.
765 3785 861 3840 Bitten
880 3787 929 3841 des
947 3786 1052 3842 Volkes
1071 3789 1133 3842 dem
1152 3787 1236 3844 Tode.

189 3857 320 3911 1111011101
336 3857 389 3926 rei]
405 3881 439 3901 ==
453 3855 582 3910 adversae
598 3871 712 3925 pugnae
802 3863 843 3911 12.
862 3859 1019 3929 remitteret]
1030 3858 1104 3912 ‘aum
1112 3857 1197 3928 Opler
1204 3859 1324 3932 bringeri

154 3926 192 3995 (8,
207 3933 251 3995 31,
266 3932 294 3994 1,
314 3926 361 3994 ra,
378 3932 419 3994 17,
435 3929 471 3995 a),
490 3927 585 3982 cladis.
764 3930 889 3984 mncnte’
912 3930 949 3998 11,
966 3935 1006 3998 11,
1022 3935 1051 3995 93
1071 3929 1097 3997 8,
1112 3936 1156 3996 aa,
1171 3932 1205 4001 1).

186 3998 280 4122 venii]
299 3998 364 4066 Vgl.
384 3997 454 4066 Kap.
470 4002 511 4064 11,
527 4003 552 4051 6.
802 4005 842 4054 14.
863 4001 931 4071 moe]
950 4000 988 4054 Es
1007 4017 1065 4055 war
1084 3999 1170 4068 Sitte,
1190 4003 1253 4057 dass
1273 4002 1324 4056 der

72 4130 73 4134 1
189 4083 256 4137 quos
275 4068 332 4138 am]
349 4094 382 4112 =
396 4070 552 4137 nonnullos,
569 4071 681 4138 aliquot
763 4069 888 4140 Romul,
914 4072 1042 4126 welcher
1076 4073 1158 4126 einen
1191 4073 1323 4129 Diktator

188 4144 213 4192 9.
232 4138 322 4210 fama]
341 4138 469 4207 Ablatir3
488 4139 709 4196 0111101111Νο1-
766 4143 874 4196 wahlen
892 4143 1001 4210 wolltc,
1031 4142 1098 4197 bald
1121 4144 1195 4198 nach
1212 4145 1323 4199 Mitter-

152 4210 234 4264 trum.
762 4214 850 4267 nacht
868 4213 1012 4281 anfstand‚
1039 4233 1087 4268 um
1106 4214 1152 4268 die
1169 4214 1323 4297 Auspicien

187 4286 220 4336 at
227 4280 306 4352 eolat]
318 4281 371 4336 mit
380 4281 443 4337 dem
453 4281 710 4353 Vorhergehenden
763 4300 797 4337 an
813 4283 1000 4353 beobachtm,
1018 4304 1045 4340 n.
1065 4284 1110 4338 die
1125 4284 1210 4339 Wahl
1229 4303 1259 4341 1n
1273 4286 1323 4341 der

151 4369 186 4407 su
205 4351 366 4407 verbinden.
764 4353 846 4409 Stille
865 4356 915 4409 der
928 4354 1022 4410 Nacht
1034 4356 1146 4426 vollzog
1158 4355 1196 4427 (4,
1210 4361 1256 4426 21,
1271 4362 1321 4423 1ος

189 4421 291 4479 Cursor
301 4423 448 4496 Papirius]
459 4423 603 4493 VglKap.
616 4429 708 4492 1n,11.
763 4424 790 4492 8,
805 4431 849 4494 23,
865 4429 911 4492 153
930 4427 976 4494 28,
992 4434 1035 4495 22,
1051 4429 1103 4496 11).
