2864 4800
156 239 198 304 58
537 237 648 292 LIBER
666 237 713 292 IX.
745 234 823 293 GAP.
842 244 885 294 22.
904 243 947 292 29.
1174 262 1197 292 ι.
1212 262 1235 291 u.
1250 261 1271 291 ο.
1287 251 1338 292 aaa.

156 403 248 485 spide
270 402 319 467 ita
340 401 489 486 permisit
512 423 644 486 equum,
667 405 704 466 ut
726 423 791 467 uno
815 401 881 466 ictu
904 400 1085 465 exanimem
1104 421 1186 484 equo
1207 400 1338 484 praeci·

155 493 285 575 pitaret.
325 513 393 574 neo,
416 495 452 555 nt
475 490 521 576 fit,
544 489 583 555 ad
609 490 698 556 ducis
718 512 827 555 casum
847 490 993 574 perculsa
1014 489 1119 574 magis
1139 510 1239 573 quam
1258 489 1337 553 irri-

121 599 137 647 8
156 585 227 645 tata
250 582 300 645 est
318 579 503 645 multitudo.
540 601 662 664 omnes,
685 579 740 664 qui
759 580 844 643 eirca
863 581 964 662 erant,
985 578 1022 643 in
1041 577 1183 660 Aulium,
1207 580 1337 642 temere

120 688 136 737 9
155 669 320 734 invectum
343 691 401 752 per
422 667 566 733 hostium
590 673 725 748 turmas,
748 669 814 732 tela
837 668 1049 733 coniecerunt
1087 667 1181 730 fratri
1205 666 1335 751 praeci·

154 781 255 843 puum
287 758 383 822 decus
412 758 473 822 ulti
498 755 694 822 Samnitium
717 757 923 840 imperatoris
951 757 985 821 di
1008 754 1175 820 dederunt
1211 756 1240 819 is
1265 755 1335 820 vic·

154 852 259 912 torem
282 847 462 911 detractum
486 867 525 910 ex
556 868 637 930 equo
661 846 855 931 magistrum
875 846 1017 930 equitum
1036 846 1150 931 plenus
1169 845 1334 910 maeroris

154 942 251 1021 atque
278 936 347 1001 irae
369 934 557 1020 trucidavit3
585 956 644 1000 nec
667 936 806 999 multum
830 933 926 1019 afuit,
957 933 1037 1018 quin
1060 954 1195 1017 corpore
1218 934 1335 1018 etiam,

104 1044 136 1092 10
157 1027 233 1111 quia
255 1025 342 1089 inter
364 1023 501 1089 hostiles
525 1024 682 1088 ceciderat
700 1028 835 1106 turmas,
859 1021 1019 1088 Samnites
1042 1022 1235 1106 potirentur.
1272 1023 1335 1087 sed

154 1115 316 1197 extemplo
340 1112 380 1177 ad
403 1113 500 1197 pedes
524 1113 712 1177 descensum
731 1113 772 1177 ab
792 1111 948 1178 Romanis
972 1114 1031 1194 est,
1053 1111 1220 1196 coactique
1243 1111 1335 1176 idern

155 1201 316 1268 Samnites
340 1202 455 1267 facere.
496 1206 529 1266 et
551 1202 723 1286 repentina
750 1201 835 1266 acies
864 1202 949 1266 circa
972 1223 1109 1284 corpora
1132 1200 1250 1265 ducum
1274 1221 1332 1284 pe-

155 1292 262 1356 destre
285 1290 445 1374 proelium
468 1291 552 1374 iniit,
576 1313 639 1376 quo
663 1290 751 1356 haud
774 1290 871 1355 dubie
890 1293 1022 1372 superat
1041 1288 1223 1366 Romanus;
1247 1290 1333 1354 reci-

154 1384 364 1464 peratumque
383 1378 473 1444 Aulii
497 1402 614 1464 corpus
638 1380 740 1444 mixta
763 1401 836 1444 oum
860 1379 972 1444 dolore
990 1378 1118 1442 laetitia
1135 1377 1276 1443 victores
1297 1379 1333 1442 in

154 1475 261 1534 castra
284 1469 437 1533 referunt.

102 1578 133 1625 11
243 1557 405 1624 Samnites
429 1558 507 1622 duce
531 1557 651 1622 amisso
675 1561 708 1622 et
730 1580 788 1641 per
811 1561 958 1641 equestre
976 1559 1140 1621 certamen
1159 1556 1333 1638 temptatis

153 1647 275 1713 viribus
300 1648 421 1713 omissa
442 1644 596 1727 Saticula,
618 1669 714 1729 qnam
737 1646 932 1730 nequiquam
951 1643 1079 1709 defendi
1097 1643 1264 1725 rebantur,
1289 1645 1334 1710 ad

153 1735 305 1801 Plisticae
339 1735 540 1800 obsidionem
573 1734 720 1819 redeunt3
754 1735 903 1818 intraque
931 1754 1052 1818 paucos
1085 1732 1152 1797 dies
1186 1731 1333 1799 Saticula

152 1824 318 1889 Romanus
342 1845 399 1907 per
422 1822 632 1905 deditionem,
655 1823 789 1888 Plistica
812 1823 959 1907 pervim
983 1821 1112 1887 Samnis
1136 1822 1269 1905 potitur.

100 1917 143 1989 23
241 1911 370 1976 Mutata
393 1912 468 1975 inde
492 1912 568 1976 belli
592 1913 682 1977 sedes
702 1916 765 1994 est3
789 1913 829 1976 ad
848 1911 963 1977 Soram
983 1933 1021 1975 ex
1041 1910 1173 1976 Samnio
1193 1911 1333 1994 Apulia-

118 2020 216 2084 eqne
245 2000 412 2065 traductae
446 2000 600 2084 legiones.
641 1999 722 2066 Sora
755 2000 797 2064 ad
829 1999 992 2066 Samnites
1031 1998 1192 2064 defecerat
1228 2000 1331 2065 inter-

153 2089 248 2153 fectis
272 2088 395 2153 colonis
414 2088 646 2153 Romanorum.
689 2111 752 2174 qno
778 2110 850 2153 cum
872 2089 963 2172 prior
981 2089 1147 2153 Romanus
1168 2089 1331 2154 exercitus

154 2178 194 2243 ad
208 2177 424 2243 ulciscendam
439 2178 557 2242 civium
572 2199 684 2243 necem
703 2179 1007 2262 reciperandamque
1023 2176 1182 2242 coloniam
1199 2178 1331 2263 magnis

117 2289 133 2336 a
152 2267 323 2332 itineribus
346 2267 548 2352 pervenisset
570 2273 599 2333 et
620 2267 725 2350 sparsi
752 2289 809 2351 per
832 2267 903 2332 vias
929 2267 1148 2349 speculatores
1168 2268 1261 2349 sequi
1284 2267 1331 2331 le-

152 2357 265 2438 giones
283 2355 478 2421 Samnitium
501 2378 559 2421 nec
583 2358 648 2421 iarn
671 2356 783 2441 procul
808 2357 923 2420 abesse
947 2355 1002 2419 alii
1026 2376 1122 2438 super
1146 2355 1226 2419 alios
1246 2377 1330 2419 nun-

119 2464 133 2512 4
152 2446 284 2529 tiarent,
308 2446 438 2511 obviam
462 2446 544 2510 itum
566 2446 655 2512 hosti
679 2449 776 2530 atque
800 2444 841 2509 ad
863 2442 1022 2508 Lautulas
1046 2444 1179 2527 ancipiti
1202 2445 1330 2527 proelio

188 2638 311 2710 cuspide]
347 2636 404 2692 Das
438 2638 522 2694 Wort
548 2639 712 2694 bezeichnet
766 2638 891 2692 weshalb
910 2635 1001 2690 dieses
1024 2633 1105 2689 nieht
1125 2635 1179 2690 mit
1196 2642 1222 2691 et
1240 2653 1328 2706 ange·

153 2707 306 2778 cigentlich
321 2709 366 2762 die
381 2709 488 2764 eiserne
503 2709 598 2778 Spitze
612 2728 648 2764 an
662 2710 712 2764 der
765 2709 841 2764 reiht
858 2709 904 2762 ist.

152 2780 244 2835 Lanae
271 2781 337 2852 (egl.
361 2780 431 2850 Kap.
459 2787 505 2849 19,
530 2781 566 2850 7),
589 2780 652 2835 hier
675 2798 711 2836 an
796 2779 917 2850 potitur]
942 2777 973 2831 In
997 2777 1124 2832 Saticula
1147 2777 1243 2831 wurde
1263 2777 1328 2834 eine

153 2853 216 2905 dem
237 2851 323 2921 Spiess
343 2852 393 2905 der
410 2851 507 2906 Reiter
526 2853 601 2920 (dem
619 2853 711 2921 spieu-
765 2850 904 2905 romische
915 2848 1034 2903 Kolonia
1051 2846 1193 2917 angelegt.
1209 2848 1287 2918 (Vell
1302 2853 1328 2918 1,

153 2923 229 2993 lum),
249 2925 324 2979 dann
343 2923 438 2977 diesen
456 2924 553 2977 selbot.
768 2926 821 2986 14).

187 2995 265 3063 equo]
280 2994 622 3064 ungewthnlichstattca·
635 3009 709 3062 equo.
801 2992 847 3048 23.
877 2998 900 3046 1.
929 2991 992 3046 belli
1020 2989 1106 3060 sedes]
1135 2991 1184 3044 der
1211 2990 1329 3061 Kriegs·

150 3063 215 3132 Vgl.
240 3065 267 3132 3,
287 3070 334 3131 70,
354 3070 369 3118 7
390 3070 477 3119 totum
495 3067 646 3133 equitatum
663 3065 709 3130 fu·
766 3063 937 3132 sehauplatz.

151 3136 223 3202 dere,
239 3152 368 3206 mappam
386 3136 440 3188 aim
459 3153 492 3190 ec
508 3137 584 3203 equis
599 3136 710 3202 praeci-
799 3133 909 3204 Soram]
921 3132 1159 3187 norddstliehvon
1169 3131 1326 3202 Fregellae,

146 3207 281 3275 pitauere,
289 3208 364 3274 ipsos
378 3222 509 3275 equosque
522 3207 637 3275 spiculis
646 3222 708 3260 eoa·
764 3221 809 3259 am
829 3206 932 3260 oberen
955 3203 1037 3270 Liris,
1062 3207 1114 3257 945
1138 3220 1164 3257 v.
1185 3202 1249 3257 Chr.
1269 3202 1326 3259 den

150 3277 250 3344 fodere.
765 3275 903 3331 Volskern
922 3274 1060 3328 entrissen
1078 3275 1117 3343 (7,
1137 3279 1181 3339 28,
1201 3279 1237 3340 6).

186 3352 217 3401 at
238 3348 283 3419 fit]
307 3346 435 3416 htufiger
457 3347 619 3415 Ausdruck,
642 3345 708 3401 ‘wie
798 3363 832 3400 ex
851 3345 964 3400 Samnio
983 3344 1154 3415 Apuliaque]
1173 3345 1225 3398 Die
1239 3345 1326 3400 romi·

148 3420 240 3487 ronst,
268 3417 321 3472 wie
350 3433 379 3472 es
409 3418 588 3488 gewdhnlich
616 3420 706 3487 geht’.
763 3417 849 3471 schen
863 3417 993 3484 Truppen
1007 3416 1108 3470 kamen
1127 3433 1183 3470 von
1198 3415 1326 3470 Saticula

149 3487 219 3559 Kap.
240 3495 284 3558 24,
303 3496 327 3544 6,
760 3488 791 3542 in
816 3487 969 3541 Samnium.
1011 3487 1043 3540 ln
1069 3486 1193 3556 Apulien
1222 3488 1325 3542 hatten

184 3562 234 3634 ad]
255 3561 319 3631 vgl.
338 3560 408 3631 Kap.
428 3566 453 3627 2,
474 3565 498 3614 5.
762 3559 822 3614 sich
847 3559 877 3611 in
903 3557 1010 3611 diesem
1034 3557 1092 3610 und
1117 3558 1181 3610 dem
1209 3559 1325 3613 vorher-

185 3638 210 3689 8.
229 3632 377 3704 inuectum]
397 3633 646 3701 herangesprengt.
762 3629 910 3699 gehenden
927 3629 1012 3683 Jahre
1027 3629 1110 3682 keine
1124 3627 1258 3698 Trnppen
1271 3629 1323 3684 der

185 3710 209 3760 9.
228 3704 326 3776 fratri]
347 3704 407 3758 scil.
426 3704 608 3773 imperatoris.
761 3703 864 3756 Romer
882 3699 1033 3755 befunden.
1070 3699 1137 3754 Also
1153 3700 1257 3754 tamen
1272 3717 1324 3754 aus

183 3778 248 3846 alti]
268 3777 371 3846 passio,
390 3775 443 3829 wie
462 3774 548 3844 2,17,
569 3780 584 3830 7
602 3775 709 3829 obiraa
761 3772 885 3843 Apulien
922 3771 968 3826 die
1006 3771 1122 3840 leyiocea
1153 3771 1324 3826 Samnitium

148 3849 269 3917 praviter
288 3848 370 3901 altas.
762 3849 788 3914 (ς
808 3848 844 3913 3),
869 3844 895 3896 d.
919 3841 947 3895 h.
971 3841 1018 3896 die
1039 3859 1094 3896 von
1113 3841 1199 3896 ihnen
1218 3843 1324 3897 soeben

186 3925 227 3972 10.
239 3917 376 3987 adpedee]
385 3915 575 3971 ‘VomPferde
584 3914 704 3986 steigen’
762 3916 891 3970 eroberte
911 3913 994 3968 Stadt
1010 3911 1127 3967 Plistica
1141 3915 1189 3982 lag
1202 3913 1233 3966 in
1247 3917 1324 3982 Apu-

149 3987 232 4043 heisst
250 3990 288 4044 ad
305 3989 389 4058 pedes
411 3990 568 4043 descendere
586 3987 644 4056 (22,
663 3993 707 4058 49,
761 3987 828 4040 lien.

148 4060 176 4129 3)
195 4060 263 4114 oder
282 4062 319 4114 ad
334 4060 415 4128 pedes
428 4061 539 4130 deprcdi
557 4059 593 4128 (9,
614 4065 657 4128 62,
676 4064 705 4127 9,
798 4064 823 4113 4.
848 4057 885 4110 ad
910 4054 1061 4126 Lautulas]
1086 4055 1166 4108 Nach
1191 4055 1216 4122 7,
1241 4060 1286 4122 39,
1306 4061 1321 4111 7

149 4130 241 4198 aaa,
261 4132 315 4200 14).
762 4144 821 4182 war
849 4127 988 4180 Lautulae
1016 4125 1079 4180 eine
1110 4125 1256 4180 Ortschaft
1282 4124 1324 4179 im

179 4201 502 4327 lqepqlntiuq]ldpltttzlich
529 4202 707 4271 entstanden,
761 4199 884 4324 ξθὸὲτβο
896 4194 1237 4336 ἕζίἱςέἕὲωῆᾞαὲἱῖοἱὲἷ
1251 4195 1324 4322 Sanq

148 4288 233 4327 sone
296 4291 409 4328 ere.
785 4286 905 4335 nnr,v1
1107 4286 1118 4320 s
1180 4286 1198 4320 v

185 4349 226 4398 11.
250 4290 317 4401 ddee
332 4388 337 4400 .
354 4386 360 4400 .
377 4345 515 4414 ‚uiribud
539 4344 707 4399 Umstands-
763 4341 894 4397 entfernt.
940 4338 1038 4393 Dieser
1071 4339 1123 4392 Ort
1154 4337 1230 4392 kann
1259 4337 1323 4392 hier

147 4414 374 4488 bestimmungen
396 4433 429 4469 zu
453 4419 553 4472 omisso
572 4416 709 4483 Saticula,
763 4409 927 4480 unmoglich
950 4409 1076 4478 gemeint
1099 4407 1167 4463 sein.
1203 4410 1241 4464 Es
1263 4411 1322 4479 gab
