2864 4800
522 216 632 271 LIBER
648 216 695 272 IX.
728 214 805 272 cnP.
827 224 868 271 17.
1243 218 1286 281 43

110 401 248 444 amoena
270 382 303 445 et
325 380 469 464 requiem
493 380 601 444 animo
626 401 697 445 meo
721 401 917 464 quaererem.
954 384 1063 444 tamen
1085 381 1170 445 tanti
1193 381 1319 466 regist

110 491 148 534 ac
172 469 261 533 ducis
284 470 422 552 mentio,
446 468 563 552 quibus
592 489 688 552 saepe
712 469 820 534 tacitis
844 468 1098 554 cogitationibus
1122 469 1281 535 volutavit

108 558 267 641 animum,
296 579 350 621 eas
379 559 493 622 euocat
516 557 550 620 in
577 556 731 636 medium,
765 561 803 621 ut
825 578 978 640 quaerere
1001 557 1115 641 libeat,
1147 559 1280 641 quinam

109 649 246 710 eventus
269 644 427 711 Romanis
450 645 561 729 rebus,
585 646 618 710 si.
637 667 709 710 cum
728 644 915 710 Alexandro
938 644 1024 710 foret
1046 646 1210 731 bellatum,
1233 646 1282 711 fn·

109 737 202 798 turus
225 734 332 798 fuerit.

201 822 381 887 Plurimum
404 823 439 886 in
462 822 548 887 bello
571 822 694 906 pollere
716 821 866 887 videntur
889 823 1031 887 militum
1049 823 1143 906 copia
1162 827 1196 887 et
1213 824 1275 888 vir·
1299 841 1315 888 3

107 915 171 995 tus,
195 911 328 996 ingenia
344 911 588 995 imperatorum,
611 911 744 976 fortuna
762 933 820 994 per
838 912 946 976 omnia
964 910 1116 995 humana,
1140 912 1279 977 maxime

108 1000 144 1064 in
166 1021 201 1063 re
224 1000 342 1065 bellica
358 1003 484 1084 potens.
522 1022 560 1065 ea
582 1002 616 1063 et
638 1000 768 1084 singula
790 1001 930 1065 intuenti
955 1003 988 1064 et
1010 1001 1171 1082 universa,
1196 1000 1317 1066 cicuta

108 1089 150 1152 ab
171 1087 243 1152 aliis
262 1088 395 1172 regibus
415 1089 637 1173 gentibusque,
655 1089 703 1154 ita
722 1089 763 1153 ab
781 1089 844 1154 hoc
863 1110 990 1173 quoque
1004 1088 1098 1154 facile
1112 1093 1280 1173 praestant

107 1176 266 1242 invictum
288 1177 471 1242 Romanum
494 1178 675 1261 imperium.
940 1217 942 1221 -

195 1263 267 1329 Iam
294 1266 449 1349 primum,
480 1269 518 1330 ut
545 1266 653 1330 ordiar
681 1266 722 1330 ab
753 1266 889 1330 ducibus
920 1266 1160 1350 comparandis,
1192 1266 1315 1333 haudo

106 1354 258 1436 equidem
276 1355 383 1420 abnuo
404 1355 570 1440 egregium
588 1355 702 1419 ducem
718 1354 820 1419 fuisse
834 1354 1069 1440 Alexandrum,
1094 1355 1149 1419 sed
1164 1355 1279 1419 olario-

106 1463 175 1506 rem
198 1446 307 1508 tamen
331 1443 521 1527 eumfacit,
545 1443 629 1528 quod
653 1465 738 1507 unus
762 1442 832 1526 fnit,
855 1443 940 1528 quod
964 1444 1151 1510 adulescens
1175 1444 1208 1508 in
1231 1443 1280 1508 in-

104 1536 270 1596 cremento
294 1553 409 1610 rerum,
433 1532 578 1596 nondum
601 1532 738 1596 alteram
761 1529 927 1597 fortunam
951 1537 1111 1617 expertus,
1135 1532 1281 1597 decessit

107 1623 144 1683 ut
162 1620 244 1685 alios
263 1641 356 1706 reges
375 1622 479 1685 claros
494 1620 654 1703 ducesque
668 1621 827 1703 omittam,
852 1641 972 1705 magna
986 1622 1133 1705 exempla
1148 1642 1280 1685 casuum
1299 1641 1315 1688 s

107 1708 335 1792 humanorum,
358 1707 490 1793 Cyrum,
514 1730 610 1792 quem
632 1708 771 1773 maxime
795 1707 909 1774 Graeci
932 1710 1081 1775 laudibus
1107 1710 1281 1790 celebrant,

108 1797 185 1881 quid
210 1798 274 1861 nisi
297 1797 398 1882 longa
421 1800 499 1879 vita,
523 1797 606 1862 sicut
630 1817 785 1881 magnum
804 1798 900 1863 modo
919 1797 1120 1884 Pompeium,
1142 1796 1282 1863 vertenti

109 1885 262 1968 praebuit
293 1886 465 1959 fortunae?
515 1907 700 1951 recenseam
733 1887 830 1952 duces
864 1886 1043 1972 Romanos,
1075 1909 1135 1952 nec
1168 1906 1318 1953 omnesr

109 1973 254 2038 omnium
278 1976 446 2059 aetatium,
479 1974 534 2039 sed
558 1976 647 2058 ipsos
671 1997 740 2054 eos,
774 1997 846 2039 cum
871 1976 988 2060 quibus
1012 1976 1200 2041 consulibus
1225 1979 1283 2040 aut

110 2062 324 2128 dictatoribus
347 2064 534 2129 Alexandro
558 2063 622 2128 fuit
643 2064 844 2149 bellandum,
871 2065 914 2129 M.
937 2063 1106 2130 Valerium
1130 2062 1317 2148 Corrum,8

142 2256 274 2327 requiem]
298 2255 445 2326 Erholnng
468 2273 523 2312 von
545 2257 595 2310 der
616 2273 665 2311 an·
719 2255 799 2328 (Oato
817 2258 915 2312 inuicti
933 2276 951 2311 a
970 2257 1170 2327 cupiditatibus
1188 2257 1281 2310 auimi

110 2328 298 2396 strengenden
317 2327 527 2398 Vergleichung
545 2328 595 2382 der
612 2328 665 2382 Ge·
718 2330 799 2396 fuit);
818 2328 946 2396 dagsgen
965 2327 1035 2397 Kap.
1056 2334 1098 2394 16,
1119 2332 1153 2380 14
1171 2329 1216 2382 act.

105 2396 353 2466 echichtsquellen.
754 2399 876 2469 reqtbus]
897 2399 1047 2463 Porsenna,
1067 2399 1197 2466 Pyrrhus.

142 2473 167 2521 2.
190 2469 335 2540 uolutauit]
357 2469 543 2538 bcschhttigt,
568 2467 665 2523 ertdllt
754 2469 892 2540 pentibus]
912 2467 967 2523 den
983 2467 1117 2537 Galliern,
1138 2468 1281 2537 Latinam,

107 2537 166 2605 hat,
185 2539 270 2594 ntml.
290 2556 337 2608 er,
360 2545 456 2595 tantus
478 2557 528 2595 rea
546 2556 580 2594 ae
597 2541 664 2594 dua.
720 2538 891 2594 Samnitem.

141 2610 174 2663 iu
196 2611 325 2681 medium]
353 2610 395 2664 oft
409 2637 443 2656 ==
457 2612 490 2664 iu
514 2611 664 2677 publicum,
754 2609 909 2679 praestant]
924 2609 977 2664 mit
991 2608 1153 2678 doppaltem
1167 2609 1276 2680 Accua,

106 2695 157 2732 vor
176 2679 221 2733 die
249 2670 469 2735 llffentlichlreit.
507 2681 573 2733 Man
595 2680 664 2734 lron·
718 2678 772 2734 wia
795 2688 907 2748 praesta
931 2686 957 2735 te
984 2682 1089 2750 virum,
1116 2681 1278 2746 ‘aewahren

107 2748 238 2804 struiere:
262 2752 337 2806 taute‘
359 2753 431 2822 repis
448 2752 548 2806 mentio
566 2751 665 2806 tacitas
717 2751 772 2803 mir
785 2751 831 2804 die
854 2741 1067 2820 Uberzeugung‚
1091 2748 1148 2804 dall
1164 2795 1170 2806 .
1186 2794 1192 2805 .
1209 2794 1214 2805 .
1229 2768 1277 2821 gs·

106 2822 294 2892 capitatioaea,
317 2823 417 2891 quibua
434 2837 514 2891 saepe
531 2821 665 2877 uolutauit
718 2819 832 2876 blieben
850 2822 946 2876 ware’.

105 2894 230 2946 animum
247 2895 366 2962 (meum),
385 2899 478 2948 evocat
492 2894 524 2947 ia
537 2893 663 2947 medium.
755 2898 779 2946 t.
798 2893 868 2974 iam]
887 2892 951 2962 Vgl.
971 2890 1041 2961 Kap.
1063 2897 1088 2960 5,
1109 2898 1151 2948 12.

141 2964 280 3034 quaerere]
298 2962 587 3034 ‘dicaragastellenz
612 2963 664 3018 Die
754 2964 840 3034 uuus]
860 2981 900 3018 rm
920 2964 1076 3033 Gegensata
1093 2980 1142 3017 aur
1156 2961 1278 3032 Teilung

105 3033 327 3105 Wiederholung
360 3036 410 3089 des
447 3035 559 3089 Wortes
591 3034 664 3089 nach
718 3035 768 3089 des
788 3032 973 3089 Oberbefehls
991 3037 1074 3088 anter
1090 3033 1135 3088 die
1149 3033 1277 3088 Konsuln

108 3107 261 3176 quaesitum
284 3125 309 3160 n.
333 3123 487 3176 quaererem
509 3104 549 3159 ist
567 3122 664 3175 wagen
718 3106 776 3160 und
795 3124 829 3159 zu
849 3106 935 3161 deren
949 3106 1120 3175 jahrliahem
1135 3104 1276 3160 Wechsel.

101 3181 158 3232 der
168 3176 420 3233 Verschiedenheit
433 3177 483 3232 der
497 3175 664 3248 Bedeutnng
752 3178 786 3232 s‘u
803 3178 965 3233 iaaremeato
983 3177 1086 3248 rerum]
1106 3178 1145 3231 im
1160 3175 1277 3245 Steigen

105 3247 185 3302 nicht
202 3247 296 3318 lastig.
718 3249 809 3302 seiner
823 3248 928 3317 Macht,
947 3247 987 3302 im
1001 3248 1171 3303 Fortschritt
1184 3248 1277 3302 seiner

140 3318 276 3375 Romanis
296 3321 386 3389 rebus]
407 3346 441 3366 =
461 3319 605 3376 Romanae
622 3321 664 3375 rei
718 3319 836 3375 Thaten.

102 3391 237 3460 publicae.
753 3391 880 3462 alteram]
912 3391 962 3444 das
999 3391 1274 3460 entgegengesetzte,

139 3466 164 3515 3.
188 3463 315 3533 fortuna]
340 3461 405 3531 vgl.
429 3462 507 3517 Caes.
531 3462 558 3530 0,
583 3467 661 3530 302
717 3462 897 3531 unganstige.

104 3532 221 3587 multum
240 3548 301 3587 cum
314 3534 346 3586 ia
360 3534 485 3587 omuibus
498 3535 587 3600 rebus,
606 3538 664 3589 tum
755 3538 779 3587 6.
794 3532 879 3604 repes]
889 3531 1053 3601 Kambyses,
1066 3531 1181 3600 Xerxes,
1195 3529 1277 3600 Poly-

105 3605 137 3655 a'u
155 3620 185 3657 re
202 3603 321 3658 militari
334 3608 425 3673 potest
441 3604 564 3671 fortuna.
717 3603 821 3671 lrrates,
840 3603 972 3673 Pyrrhus.

137 3674 246 3745 pateas]
269 3674 432 3743 ‘gebietend
450 3674 542 3740 tiber’,
560 3675 590 3728 in
614 3691 663 3727 un-
754 3675 847 3745 daces]
897 3673 1057 3740 Miltiades,
1105 3671 1276 3740 Alcibiades,

107 3742 318 3808 gevbhnlicher
338 3744 519 3814 Verbindung
536 3746 589 3798 mit
604 3762 662 3814 per.
718 3744 871 3811 Hannibal,
890 3743 1003 3799 Marius.

106 3812 172 3883 Vgl.
191 3814 262 3884 Kap.
281 3820 325 3879 26,
346 3820 388 3869 16.
756 3816 869 3888 cuprum]
881 3817 933 3869 den
947 3813 1277 3881 'atlterenmelchornach

114 3921 116 3925 ν
143 3889 168 3938 4.
188 3886 232 3956 ea]
253 3884 372 3954 Snbjelrt
390 3903 424 3940 an
440 3890 591 3953 praestaret.
717 3888 811 3942 vielen
825 3885 1006 3956 glticlrlichen
1020 3884 1142 3954 Kriegen
1156 3883 1186 3937 in
1201 3884 1278 3939 einer

45 3955 48 3961 ’
141 3957 274 4025 intuente]
303 3956 363 4010 soil.
390 3957 472 4023 milui,
498 3957 590 4011 ‘wenn
615 3955 663 4010 ich
719 3957 855 4012 Schlacht
873 3956 926 4010 fiel.

104 4025 277 4094 betracbte’,
302 4025 367 4081 Dat.
394 4027 470 4083 Part.
495 4026 589 4082 Praas.
614 4044 662 4081 aur
753 4028 864 4098 Graeci]
880 4027 1005 4082 Herodot
1019 4023 1068 4095 (im
1081 4024 1273 4095 erstenBuch)

104 4097 301 4167 Bezeichnung
324 4097 375 4153 der
397 4098 485 4152 durch
509 4099 554 4152 ihr
572 4097 663 4153 Urteil
716 4118 743 4155 u.
762 4100 919 4168 Xenophon
938 4097 978 4166 (in
997 4096 1047 4150 der
1065 4096 1240 4167 Cyroptdie).

104 4168 272 4240 betoiligten
286 4169 399 4236 Person,
410 4169 503 4225 auerst
511 4168 558 4222 bei
567 4167 663 4222 Livius
753 4169 879 4291 quamq
902 4169 1077 4237 intransitio,
1105 4167 1177 4222 ‘sich
1203 4185 1277 4223 wen-

103 4240 144 4310 (0,
165 4245 206 4308 14,
226 4245 255 4306 2;
275 4244 307 4308 7,
328 4246 368 4308 10,
388 4247 417 4307 63
438 4240 483 4309 10,
505 4246 547 4307 30,
567 4247 597 4307 43
615 4239 662 4308 37,
717 4239 815 4294 dend’.
880 4241 918 4310 gl.
936 4240 1008 4308 Kap.
1027 4246 1070 4308 37,
1090 4246 1115 4296 8.

107 4315 151 4379 68,
171 4314 208 4382 8),
227 4313 303 4366 dann
321 4311 367 4365 bei
381 4310 502 4366 Tacitus.
754 4317 778 4364 t.
797 4311 867 4382 suit]
886 4310 1075 4367 kondicional.

139 4383 186 4454 ab]
206 4382 253 4438 bei
275 4383 402 4450 tautam,
424 4383 477 4437 wie
495 4382 547 4451 00,
566 4386 609 4453 40,
630 4388 664 4438 10
754 4388 779 4437 8.
800 4381 928 4453 Ooroum]
948 4383 987 4436 Er
1000 4383 1094 4437 warde
1112 4382 1182 4452 Kap.
1197 4388 1223 4450 t,
1243 4385 1276 4434 lt

146 4516 159 4545 b
