2864 4800
178 241 219 304 38
584 237 693 292 LIBER
711 238 759 293 IX.
792 237 871 294 CAP.
892 244 933 294 15.
1131 264 1151 292 a.
1167 263 1188 292 u.
1203 263 1222 292 ο.
1238 254 1288 294 aar.
1304 254 1353 294 reo.

143 419 159 466 2
180 425 260 488 gens
285 402 401 467 dubiae
425 401 465 466 ad
488 401 522 467 id
546 401 738 486 voluntatis,
761 403 1006 484 temptarentnr.
1051 398 1210 466 Publilius
1236 402 1354 468 consul

181 491 221 556 ad
253 491 490 576 peragrandam
520 489 686 574 profectus
710 490 864 574 Apuliam
896 490 1020 575 aliquot
1048 489 1252 572 expeditione
1286 513 1357 557 una

179 580 316 665 populos
340 583 397 645 aut
415 580 447 644 wi
472 578 601 664 subegit
620 582 677 643 aut
695 578 936 643 condicionibus
955 578 990 642 in
1009 577 1197 643 societatem
1217 579 1356 663 accepit.

143 684 159 732 3
267 668 398 752 Papirio
422 688 559 753 quoque,
582 668 636 752 qui
660 668 811 733 obsessor
829 666 982 732 Luceriae
1001 666 1176 751 restiterat,
1198 667 1291 732 brevi
1312 669 1354 734 ad

180 780 271 843 spem
295 761 429 822 eventus
453 756 628 839 respondit.
665 777 742 820 nam
764 756 898 821 insessis
922 756 1072 820 omnihus
1095 756 1167 839 viis,
1189 776 1247 841 per
1270 779 1354 841 quas

178 849 380 912 commeatus
403 867 442 910 ex
466 843 598 910 Samnio
622 844 897 929 subvehebantur,
926 843 1014 909 fame
1038 843 1155 909 domiti
1178 842 1354 931 Samnites,

178 937 234 1019 qui
257 934 411 1000 Luceriae
434 935 469 997 in
492 933 654 1017 praesidio
679 936 787 1018 erant,
818 935 946 1019 legatos
974 932 1090 997 misere
1120 932 1160 997 ad
1183 934 1354 999 consulem

177 1023 376 1107 Romanum,
403 1027 440 1087 ut
468 1023 606 1107 receptis
630 1022 807 1106 equitibus,
836 1021 893 1107 qui
915 1044 1013 1087 causa
1035 1020 1114 1086 belli
1138 1026 1261 1107 essent,
1295 1023 1352 1087 ab·

143 1113 312 1177 tsisteret
340 1112 517 1177 obsidione.
566 1111 607 1174 iis
640 1110 790 1196 Papirius
823 1111 870 1175 ita
899 1110 1081 1195 respondit:
1113 1110 1262 1176 debuisse
1296 1133 1353 1178 eos

177 1200 346 1284 Pontium,
374 1199 533 1265 Herennii
560 1199 677 1284 filium,
706 1221 770 1284 quo
799 1203 928 1265 auctore
955 1198 1120 1265 Romanos
1149 1200 1209 1264 sub
1237 1200 1353 1285 iugum

144 1289 358 1374 emisissent,
381 1289 556 1372 consulere,
580 1288 657 1373 quid
680 1289 776 1354 victis
798 1289 987 1374 patiendum
1012 1293 1166 1355 censeret.
1207 1292 1354 1356 ceterum

182 1379 336 1463 quoniam
361 1378 402 1443 ab
425 1378 575 1444 hostibus
597 1378 633 1441 in
656 1399 688 1442 se
713 1399 816 1463 aequa
839 1377 941 1443 statui
960 1399 1057 1463 quam
1076 1378 1111 1441 in
1129 1399 1163 1443 se
1182 1377 1246 1462 ipsi
1265 1378 1351 1443 ferre

179 1468 364 1552 maluerint,
388 1467 540 1532 nuntiare
563 1466 731 1532 Luceriam
755 1467 866 1550 iussit,
889 1488 993 1551 arma,
1020 1467 1173 1549 sarcinas,
1195 1466 1354 1552 iumenta,

180 1557 423 1621 multitudinem
462 1577 592 1620 omnem
628 1556 792 1620 imbellem
830 1556 916 1618 intra
955 1555 1083 1620 moenia
1114 1555 1352 1641 relinquerent3

146 1646 322 1710 emilitem
355 1666 389 1709 se
423 1667 496 1710 cum
530 1644 667 1730 singulis
694 1644 897 1709 vestimentis
929 1645 989 1709 sub
1021 1645 1134 1728 iugum
1166 1645 1354 1728 missurum,

144 1752 159 1800 τ
183 1735 391 1798 ulciscentem
409 1733 557 1818 inlatam,
579 1754 645 1798 non
663 1754 782 1798 novam
800 1732 1232 1817 inferentemignominiam.
1268 1733 1353 1798 nihil

183 1825 376 1887 recusatum.
422 1825 545 1907 septem
573 1822 664 1886 milia
685 1821 827 1886 militum
855 1821 1050 1907 subiugum
1074 1821 1187 1906 missa,
1218 1822 1354 1905 praeda-

182 1931 242 1994 que
266 1910 384 1996 ingens
407 1908 562 1975 Luceriae
589 1913 685 1994 capta
707 1911 844 1994 receptis
872 1910 1023 1975 omnibus
1053 1911 1155 1996 signis
1177 1911 1353 1997 armisque,

180 2021 261 2083 quae
290 1999 330 2063 ad
358 1997 518 2064 caudium
545 1999 666 2064 amissa
698 2003 803 2085 erant,
836 2002 883 2082 et,
916 1999 1001 2084 quod
1034 2000 1144 2064 omnia
1176 2002 1355 2084 superabat

178 2087 311 2171 gaudia,
334 2088 497 2173 equitibus
519 2088 727 2172 recuperatis,
751 2109 830 2172 quos
854 2088 994 2172 pignora
1012 2088 1101 2171 pacis
1120 2088 1350 2156 custodiendos

177 2175 348 2242 Luceriam
372 2175 534 2242 Samnites
559 2175 721 2241 dederant.

141 2282 157 2331 8
265 2264 362 2330 Haud
386 2264 488 2331 ferme
512 2266 576 2330 alia
600 2265 781 2330 mutatione
805 2265 914 2330 subita
943 2287 1049 2330 rerum
1074 2266 1192 2331 clarior
1210 2267 1351 2333 victoria

174 2355 290 2438 populi
309 2353 449 2420 Romani
473 2358 531 2440 est,
554 2355 583 2418 si
601 2353 729 2439 quidem
750 2354 857 2437 etiam,
881 2355 966 2439 quod
986 2355 1178 2440 quibusdam
1197 2356 1233 2420 in
1252 2379 1352 2422 anna·

177 2443 263 2508 libus
287 2443 429 2527 invenio,
456 2444 591 2509 Pontius
599 2494 607 2525 ,
635 2442 791 2509 Herennii
814 2444 916 2526 filius,
945 2442 1139 2508 Samnitium
1162 2445 1351 2530 imperator,

175 2536 213 2595 ut
236 2532 380 2616 expiaret
403 2534 569 2599 consulum
592 2533 816 2622 ignominiam,
840 2532 900 2596 sub
924 2533 1036 2618 iugum
1061 2555 1134 2598 cum
1157 2535 1275 2600 ceteris
1299 2539 1352 2600 est

140 2620 304 2687 emissus.
349 2627 491 2686 ceterum
514 2621 547 2686 id
571 2624 677 2687 minus
701 2621 816 2704 miror,
846 2623 1018 2687 obscurum
1047 2643 1116 2687 esse
1140 2622 1179 2686 de
1201 2622 1351 2689 hostium

176 2708 254 2774 duce
274 2709 381 2775 dedito
401 2710 579 2796 missoque,
603 2711 635 2775 id
654 2712 759 2797 magis
778 2711 928 2776 mirabile
947 2716 1005 2795 est,
1029 2710 1160 2795 ambigi,
1184 2709 1349 2778 Luciusne

209 2923 247 2976 ad
260 2922 302 2993 id]
322 2922 470 2991 temporat,
486 2947 519 2967 =
533 2923 572 2976 ud
584 2922 616 2976 id
630 2927 734 2991 tempus
787 2921 939 2977 Luceriner
966 2937 1060 2976 waren
1086 2920 1160 2975 nach
1182 2920 1253 2992 Kap.
1278 2929 1304 2992 2,
1333 2931 1349 2979 5

176 2992 215 3059 (3,
233 2998 277 3059 22,
296 2997 325 3057 ὃς
345 2993 391 3058 21,
411 2997 455 3061 52,
474 2999 510 3061 6).
787 2995 855 3061 gnte
881 2991 1129 3061 Bundesgenossen
1161 2993 1212 3046 der
1241 2993 1351 3050 Rumor

211 3068 235 3116 3.
245 3064 393 3132 restiterat]
405 3068 623 3117 =remanecrut
641 3062 732 3117 Eben·
786 3079 930 3131 gewesen3
949 3064 989 3118 aie
1009 3063 1161 3134 begehrten
1176 3061 1250 3119 wohl
1262 3063 1348 3122 nicht

175 3149 207 3185 so
234 3132 280 3201 26,
305 3138 347 3200 13,
374 3140 390 3188 9
418 3134 542 3188 Baebius
567 3133 669 3188 residit
695 3134 733 3187 ad
787 3151 821 3187 an
840 3134 951 3189 fliehen.

177 3203 351 3258 Pellinaeum
362 3206 579 3275 oppugnandum
584 3224 594 3269 ;
608 3202 678 3272 Kap.
689 3209 732 3272 29,
822 3209 847 3259 8.
862 3206 938 3261 baud
947 3206 1040 3278 sume]
1056 3232 1090 3251 =
1099 3206 1256 3274 confectio,
1265 3206 1348 3265 nicht

177 3279 202 3327 3.
223 3273 278 3328 Cio.
297 3272 326 3327 in
346 3273 405 3328 Cat.
425 3283 451 3342 4,
471 3281 495 3338 2,
515 3281 540 3328 3.
787 3276 865 3343 eben,
884 3276 965 3330 nicht
982 3277 1056 3330 wohl
1076 3277 1114 3345 (8,
1134 3284 1178 3344 20,
1195 3280 1233 3347 2).

209 3345 362 3417 respondit]
378 3344 442 3414 Vgl.
458 3346 504 3412 28,
519 3353 544 3411 6,
559 3346 634 3402 8ubi
647 3347 733 3429 haud-
824 3347 895 3470 aiio}
928 3348 1054 3416 Nomin,
1086 3366 1120 3402 nu
1151 3348 1268 3404 victoria
1297 3367 1348 3420 ge-

173 3419 734 3558 quinidiiisludiiiiinaredilildllioiroeidildblr
758 3490 759 3495 ’
787 3417 961 3560 bitinniam]
984 3491 1069 3546 naml.
1092 3491 1143 3546 sub
1165 3491 1270 3563 inpune,
1290 3493 1346 3549 wie

174 3558 308 3612 Schlacht
323 3557 587 3627 versperrtworden
598 3560 679 3629 (Kap.
691 3565 732 3625 13,
786 3557 857 3628 Kap.
877 3564 902 3630 5,
921 3567 946 3615 6.

174 3631 227 3696 11).
822 3632 938 3702 ambiet]
963 3633 1020 3686 Der
1041 3632 1193 3700 Umstand,
1217 3631 1275 3687 dab
1299 3634 1347 3692 die

208 3708 233 3756 5.
253 3700 353 3772 aequo]
376 3699 496 3769 Subjeht
517 3718 551 3753 nu
569 3703 656 3756 statui
673 3702 731 3755 und
787 3700 947 3757 rdmischen
973 3702 1140 3758 Annalisten
1168 3720 1268 3774 wegen
1296 3706 1349 3762 dee

174 3771 321 3843 Objektau
330 3776 402 3837 terre
412 3772 643 3840 l‘beantragen').
664 3771 728 3840 Vgl.
783 3773 902 3830 Pontius
915 3773 995 3829 nicht
1007 3775 1272 3830 iibereinstimmten
1285 3777 1346 3832 und

174 3843 242 3900 Sall.
257 3842 318 3912 Ing.
334 3848 377 3910 35,
392 3849 408 3897 3
423 3844 518 3898 consul
531 3859 634 3897 movere
647 3861 730 3912 quom
784 3841 842 3899 dall
862 3846 901 3900 sie
920 3844 990 3900 tiber
1008 3846 1053 3900 die
1072 3846 1177 3901 Person
1195 3845 1244 3900 des
1259 3850 1349 3904 remi·

172 3930 304 3970 senescere
323 3915 417 3968 omniu
434 3915 559 3969 molebat.
784 3917 869 3971 schen
886 3915 1040 3971 Anffihrers
1054 3918 1133 3972 nicht
1147 3916 1224 3987 einig
1240 3934 1345 3989 waren,

207 3984 350 4055 nuntiare]
362 3984 421 4038 scil.
436 3986 536 4056 legatos
550 3984 729 4052 Samnitibus,
784 3988 955 4042 erechdttert
964 3987 1009 4042 dic
1020 3986 1284 4058 Glaubwdrdiglreit
1294 3989 1348 4045 der

172 4055 226 4108 mit
242 4054 416 4124 Konjunktiv
435 4057 508 4110 ohne
526 4063 565 4112 ut.
783 4075 890 4127 ganzen
909 4059 1069 4129 Erzbhlung
1090 4059 1140 4113 des
1159 4059 1255 4114 Livius
1273 4062 1347 4117 iiber

207 4124 342 4196 iumenta]
362 4127 467 4181 welche
484 4146 547 4181 zum
560 4127 729 4198 Transporte
784 4128 830 4184 die
858 4129 1015 4184 Einnahme
1042 4148 1096 4186 von
1127 4129 1252 4186 Luceria.
1300 4131 1347 4188 Da

172 4198 221 4251 des
241 4195 405 4253 Proviantes
424 4199 539 4268 gedient
557 4201 664 4256 hatten.
783 4199 912 4269 Papirius
931 4202 1002 4255 anch
1026 4199 1066 4254 im
1084 4201 1237 4270 folgenden
1254 4202 1344 4259 Jahre

207 4269 421 4341 multitudinem]
442 4269 624 4326 samnitiecho
639 4268 729 4325 Troll·
782 4270 891 4326 Konsul
909 4289 974 4341 war,
994 4289 1024 4327 so
1044 4269 1106 4326 lant
1125 4271 1185 4325 sich
1200 4272 1280 4327 nicht
1293 4273 1344 4330 be·

172 4338 302 4408 knechte,
325 4340 432 4396 welche
456 4358 512 4397 von
533 4343 587 4397 den
605 4343 728 4397 Remern
782 4341 927 4412 stimmen,
968 4340 1077 4398 welche
1113 4342 1346 4413 Begebenheiten

171 4410 312 4482 gelangen
331 4428 499 4482 genommen
515 4412 637 4468 wurden.
674 4411 728 4476 Die
779 4412 875 4481 jedem
890 4413 939 4468 der
953 4413 1055 4468 beiden
1069 4412 1154 4469 Jahre
1169 4415 1343 4484 angeheren.
