2864 4800
87 256 108 288 s.
123 245 163 286 51.
177 258 199 286 a
213 247 259 286 eos.
503 228 612 284 LIBlllt
630 230 678 284 IX.
712 228 790 285 041³.
808 235 851 285 4³.
1207 229 1270 294 103

88 416 168 459 nera
196 395 430 476 obsaepserant
456 391 567 456 hostes
596 393 761 475 saltusque
789 392 917 475 pervios
946 397 1111 477 ceperant,
1133 414 1174 457 ne
1199 415 1263 476 qua

89 483 226 549 subvehi
249 484 448 547 commeatus
471 483 614 563 possent.
659 502 764 564 neque
788 503 852 565 eos,
874 502 948 546 oum
973 481 1091 546 cotidie
1110 482 1205 566 sigua
1229 482 1263 546 in

90 574 193 641 aciem
217 570 331 636 consul
358 569 531 653 proferret,
559 569 674 634 elicere
697 568 745 633 ad·
762 572 926 634 certamen
949 572 1091 654 poterat,
1119 571 1262 655 satisque
1295 586 1313 632 s

89 659 267 744 apparebat
288 680 393 742 neque
421 658 601 730 Samnitem
629 661 794 722 certamen
819 680 972 742 praesens
995 679 1054 722 nec
1077 658 1264 724 Romanum

89 749 278 814 dilationem
301 748 379 811 belli
403 748 553 812 laturum.

179 837 346 902 Adventus
370 834 494 918 Marcii,
518 836 573 920 qui
591 833 742 900 Hernicis
761 835 903 900 subactis
923 835 1099 900 maturavit
1118 836 1263 920 collegae
1285 851 1318 898 10

89 927 199 992 venire
228 924 360 1008 auxilio,
389 946 513 988 moram
544 924 730 989 certaminis
757 924 846 989 hosti
874 924 1002 989 exemit
1049 946 1125 989 nam
1150 928 1186 989 ut
1209 925 1266 1008 qui
1288 939 1320 987 11

89 1037 131 1079 ne
155 1016 250 1079 alteri
274 1014 401 1099 quidem
426 1014 579 1078 exercitui
608 1035 641 1078 se
670 1013 710 1077 ad
737 1017 903 1078 certamen
927 1012 1139 1078 credidissent
1161 1034 1265 1098 pares,

92 1103 246 1189 coniungi
263 1104 374 1187 utique
393 1103 498 1186 passis
518 1101 598 1167 duos
618 1102 803 1168 consulares
823 1101 981 1166 exercitus
1001 1101 1083 1165 nihil
1098 1102 1266 1167 crederent

90 1214 259 1276 superesse
283 1193 361 1276 spei,
385 1191 608 1256 advenientem
631 1190 847 1274 incomposito
874 1190 1004 1274 agmine
1027 1189 1185 1256 Marcium
1211 1191 1265 1254 ad·

90 1282 290 1366 gradiuntur.
327 1280 447 1364 raptim
470 1281 606 1345 collatae
625 1281 770 1345 sarcinae
789 1280 823 1344 in
841 1278 983 1343 medium
1003 1283 1045 1363 et,
1069 1284 1166 1363 prout
1184 1283 1266 1344 tem·
1289 1293 1321 1341 12

90 1393 151 1454 pus
170 1371 366 1454 patiebatur,
387 1371 547 1434 instructa
566 1368 661 1433 acies.
699 1367 823 1433 clamor
840 1369 983 1453 primum
1002 1368 1035 1431 in
1055 1368 1177 1432 stativa
1194 1389 1266 1452 per-

90 1459 186 1542 latus,
214 1459 289 1523 dein
317 1460 508 1541 conspectus
537 1457 651 1539 procul
678 1457 785 1539 pulvis
812 1456 989 1521 tumultum
1018 1458 1103 1542 apud
1127 1457 1267 1521 alterum

90 1549 256 1612 consulem
278 1548 313 1611 in
340 1547 456 1611 castris
484 1545 576 1631 fecit3
604 1543 697 1628 isque
723 1544 895 1609 confestim
918 1567 1009 1609 arma
1032 1567 1146 1629 capere
1169 1545 1267 1610 iussis
1288 1559 1320 1607 13

90 1637 276 1721 raptimque
291 1635 413 1699 eductis
428 1634 464 1698 in
478 1634 581 1699 aciem
597 1634 753 1698 militibus
768 1638 988 1699 transversam
1002 1634 1147 1699 hostium
1161 1633 1265 1699 aciem

91 1729 188 1808 atque
215 1725 280 1790 alio
309 1724 488 1788 certamine
516 1726 708 1806 occupatam
735 1723 874 1806 invadit,
902 1723 1073 1787 clamitans
1102 1744 1265 1787 summum
1291 1736 1324 1784 14

90 1813 254 1898 flagitium
281 1813 363 1895 fore,
391 1811 420 1875 si
447 1812 586 1875 alterum
612 1811 787 1876 exercitum
811 1812 979 1895 utriusque
1002 1812 1156 1877 victoriae
1180 1833 1266 1877 com-

90 1907 202 1985 potem
226 1902 370 1964 sinerent
390 1900 460 1964 fieri
478 1921 537 1964 nec
557 1899 650 1964 adse
674 1901 724 1964 sui
744 1900 821 1964 belli
841 1899 1039 1965 vindicarent
1059 1900 1164 1965 decus.
1202 1922 1266 1985 qua
1287 1914 1319 1962 15

91 1992 250 2074 impetum
274 1989 421 2070 dederat,
448 1989 639 2072 perrumpit,
668 1989 832 2073 aciemque
855 2011 913 2073 per
937 1989 1077 2054 mediam
1101 1989 1135 2052 in
1159 1994 1266 2054 castra

89 2077 236 2142 hostium
267 2077 373 2142 tendit
405 2081 439 2142 et
471 2099 573 2142 vacua
605 2077 825 2143 defensoribus
863 2078 951 2161 capit
983 2084 1081 2162 atque
1113 2077 1268 2143 incendit.

92 2187 174 2248 quae
201 2166 257 2230 ubi
285 2167 457 2252 flagrantia
486 2166 670 2231 Marcianus
699 2166 793 2230 miles
822 2167 991 2249 conspexit
1019 2169 1053 2230 et
1082 2166 1194 2230 hostes
1220 2181 1323 2230 15-16

91 2275 232 2337 spexere,
256 2259 326 2319 tum
349 2255 472 2338 passim
494 2254 575 2340 fuga
597 2259 712 2338 coepta
735 2252 931 2319 Samnitium
955 2255 1035 2318 fieri.
1082 2253 1137 2318 sed
1158 2255 1268 2319 omnia

54 2427 56 2432 .
92 2343 219 2408 obtinet
242 2344 365 2427 caedes,
387 2365 445 2408 nee
468 2345 503 2408 in
525 2345 626 2408 ullam
649 2348 776 2427 partem
799 2347 905 2408 tutum
929 2341 1114 2428 perfugium
1138 2345 1196 2408 est.

179 2431 249 2496 Iam
273 2432 409 2516 triginta
433 2432 565 2497 milibus
589 2432 734 2496 hostium
758 2431 860 2496 caesis
880 2431 1009 2515 signum
1029 2432 1174 2515 receptui
1192 2453 1268 2498 con·
1289 2447 1321 2494 11

90 2521 175 2585 sules
199 2520 362 2604 dederant,
381 2521 644 2606 colligebantque
662 2521 697 2584 in
715 2542 816 2584 unum
835 2520 945 2603 copias
964 2519 1102 2585 invicem
1126 2521 1212 2586 inter
1230 2543 1265 2586 se

128 2770 153 2819 8.
168 2766 336 2837 pervios]=
347 2782 398 2835 per
412 2765 551 2834 quoactus
564 2768 652 2832 51551,
744 2770 785 2819 13.
808 2768 991 2819 transversum
1033 2765 1063 2819 in
1090 2764 1137 2819 die
1167 2764 1268 2834 Quare,

93 2836 255 2905 ‘gangbar'.
705 2852 761 2890 von
779 2835 829 2889 der
848 2835 933 2892 Seite.
996 2835 1033 2904 gl.
1052 2835 1242 2905 Kap.40,12.

127 2913 152 2961 9.
172 2906 340 2976 Romanum]
361 2905 536 2962 DerKonsul
550 2903 650 2961 mullte
743 2907 859 2975 14151]
886 2907 911 2960 d.
938 2907 966 2962 h.
993 2907 1043 2960 des
1068 2905 1155 2961 ihnen
1182 2923 1268 2976 ange·

91 2977 142 3031 auf
159 2976 220 3031 eine
236 2977 371 3032 Sohlacht
389 2977 516 3047 dringen,
535 2978 572 3031 da
591 2976 652 3032 sein
705 2976 854 3032 wisseneu.

91 3048 165 3103 Hear
183 3048 213 3102 in
230 3048 336 3103 Gefahr
354 3065 420 3117 war,
440 3049 651 3119 ausgehungert
740 3049 925 3117 vindicarent]
945 3049 982 3104 ad
1000 3065 1028 3104 15
1044 3049 1120 3104 ciaet.
1140 3048 1262 3104 11511511-

91 3137 125 3173 au
143 3120 263 3174 werden.
705 3120 836 3190 eigneten
855 3121 892 3189 (3,
907 3125 950 3189 20,
967 3126 995 3186 1,
1014 3118 1060 3187 44,
1077 3126 1119 3189 14,
1134 3124 1169 3190 8).
1206 3111 1265 3174 Ub-

129 3196 170 3244 11.
190 3195 221 3244 at
240 3191 300 3262 quc]
316 3191 365 3245 ‘da
382 3191 445 3260 sie',
465 3189 579 3261 eigentl.
596 3190 651 3244 ‘als
705 3192 793 3245 licher
810 3190 849 3246 ist
866 3193 922 3247 sibi
939 3192 1089 3247 vindicare.

91 3260 195 3329 selcha,
221 3261 350 3318 welche’.
387 3268 420 3318 at
442 3264 504 3331 qai,
530 3263 650 3317 welches
742 3267 783 3318 15.
796 3263 1079 3331 dederat]=fecerut.
1099 3262 1264 3318 DiePhrase

91 3332 138 3386 bei
152 3330 249 3388 Cicero
268 3349 296 3388 u.
310 3334 396 3389 Casan
414 3338 479 3388 sehr
498 3334 588 3389 selten
602 3332 650 3402 ist,
705 3335 835 3403 impetum
853 3335 920 3389 dare
943 3333 1032 3388 findet
1055 3333 1115 3389 sich
1133 3335 1269 3389 auweilen

91 3403 651 3475 gebrauchthiviushhufig(mindestens
704 3405 735 3458 in
760 3403 809 3459 der
835 3408 928 3460 ersten
951 3404 1068 3459 Dekade
1097 3405 1146 3460 des
1170 3403 1267 3460 Livius

92 3488 129 3526 an
148 3472 323 3542 1451511511),
342 3494 371 3529 u.
390 3493 463 3530 swan·
481 3478 580 3530 immor
598 3476 652 3530 mit
705 3476 832 3544 (1,19,7
851 3494 878 3530 u.
898 3480 982 3545 51,4,
1001 3474 1067 3544 3,5,
1080 3482 1126 3544 10,
1145 3476 1268 3543 4,18,1,

91 3543 156 3597 dem
174 3544 357 3615 Konjunktir.
394 3545 458 3616 Vgl.
478 3553 557 3615 §193
579 3547 650 3616 Kap.
704 3549 731 3615 5,
747 3552 789 3613 38,
805 3551 840 3615 3),

92 3618 193 3681 45,10.
743 3620 878 3687 aciemque
905 3633 958 3686 per·
984 3616 1113 3687 mediam]
1137 3615 1269 3671 Dieselbe

124 3685 229 3754 passis]
244 3685 424 3741 hondicional
437 3687 564 3755 1.(1151111
573 3688 650 3744 Pras.
705 3688 922 3757 Wortstellung,
945 3689 999 3742 wie
1017 3687 1088 3757 Kap.
1103 3694 1147 3755 37,
1162 3691 1194 3740 11
1215 3703 1267 3761 mnf

90 3758 238 3824 saporose)
256 3757 297 3809 im
307 3755 392 3811 Sinna
406 3758 456 3812 des
470 3757 598 3828 Pr'asens,
617 3785 650 3805 =
706 3762 838 3829 roqueta
857 3775 963 3828 155955.

91 3827 153 3892 sabi,
172 3828 198 3881 si
213 3832 381 3894 paterentur.
744 3833 888 3900 15155151]
898 3829 1066 3910 disjenigeu,
1078 3827 1184 3883 welche
1193 3829 1266 3883 noch

127 3899 305 3966 incomposito
320 3899 439 3969 5551155]
457 3899 498 3954 ‘in
511 3900 651 3970 unguord·
705 3901 805 3956 immer
823 3917 915 3971 gegen
933 3899 1055 3954 Marorus
1074 3899 1229 3968 ktmpften.

91 3969 186 4022 netem
198 3968 285 4036 Zuge’
302 3968 339 4037 (5,
355 3975 398 4034 18,
414 3975 449 4040 7),
468 3969 565 4026 indcm
578 3970 651 4027 Mar·
739 3972 858 4042 passim]
881 3970 933 4025 Die
952 3969 1056 4024 Flucht
1078 3971 1158 4024 hatte
1182 3971 1268 4025 schou

92 4037 152 4093 cius
170 4038 273 4094 hainen
291 4040 403 4110 Angriff
419 4045 558 4096 erwartet.
705 4045 808 4096 vorher
844 4044 1006 4111 begonnen,
1048 4042 1085 4095 da
1122 4039 1266 4097 Cornelius

129 4115 171 4166 12.
190 4112 327 4166 instructu
346 4113 428 4184 55151]
447 4129 502 4168 von
520 4112 650 4169 Marcius.
706 4112 895 4180 durchbrach3
907 4112 1150 4183 jetatbegannsie
1164 4111 1266 4168 allent·

126 4184 159 4236 ia
176 4180 290 4250 stativa]
309 4182 352 4237 ins
369 4182 461 4253 hager
479 4183 528 4238 des
548 4183 650 4238 Come·
705 4183 818 4239 halben.

91 4251 154 4320 lina,
179 4252 209 4307 in
235 4253 370 4308 walchem
395 4270 424 4308 er
443 4270 535 4324 gagen
554 4255 651 4310 seinen
742 4259 784 4309 17.
803 4255 975 4326 551ῖί555551]
1001 4252 1048 4309 Sia
1072 4253 1189 4309 wollten
1217 4254 1263 4309 die

91 4322 198 4379 Willen
220 4325 335 4395 langere
355 4326 417 4380 Zeit
440 4325 520 4381 hatte
538 4325 652 4382 bleihen
705 4325 807 4382 beiden
826 4324 916 4380 Heere
935 4325 1105 4396 vereinigen.

91 4398 213 4451 1111111511.
740 4394 867 4468 inuicem]
902 4397 1120 4453 ‘abwechselnd'
1154 4396 1265 4452 enthtlt
