2864 4800
102 277 123 312 a.
137 271 188 312 chr.
202 284 223 312 n.
237 273 284 314 210.
493 257 602 312 LIBER
620 257 665 312 lX.
698 257 775 313 OAP.
795 264 837 313 36.
857 264 900 313 ai.
1231 258 1273 324 89

102 420 267 486 transiret.
310 421 423 485 laetati
447 422 550 486 serius
575 442 618 498 se,
643 443 740 505 quam
763 424 801 485 ut
817 420 974 504 impedire
993 422 1113 486 bellum
1131 425 1274 506 possent,

103 510 241 591 venisse,
264 510 371 574 nuntii
393 511 548 574 victoriae
570 508 708 574 Romam
731 512 944 576 revertuntur.

190 596 261 663 Hac
290 598 495 681 expeditione
521 598 664 664 consulis
693 603 819 664 motum
851 598 949 663 latius
978 601 1048 663 erat
1076 621 1173 683 quam
1201 603 1326 683 pro-37

103 686 252 770 fligatum
289 687 427 770 bellum,
464 688 679 752 vastationem
716 709 855 771 namque
897 687 957 751 sub
990 685 1121 752 Ciminii
1153 689 1274 753 montis

102 775 264 840 radicibus
292 777 402 842 iacens
430 798 487 840 ora
516 780 663 841 senserat
690 776 938 861 conciveratque
961 775 1185 860 indignatione
1209 797 1275 842 non

103 863 256 930 Etruriae
280 865 375 929 modo
400 865 546 948 populos,
569 865 625 928 sed
648 863 801 930 Umbriae
819 864 969 929 finitima.
1006 865 1116 948 itaque
1135 868 1274 949 quantus
1294 886 1310 934 2

102 974 169 1017 non
192 975 347 1038 umquam
370 958 467 1017 antea
490 955 647 1018 exercitus
670 954 710 1018 ad
730 952 874 1018 Sutrium
893 955 994 1038 venit,
1017 974 1121 1037 neque
1145 974 1161 1017 e
1185 953 1275 1017 silvis

102 1043 329 1106 tantummodo
361 1046 512 1126 promota
543 1047 664 1126 castra,
697 1043 752 1107 sed
786 1043 883 1107 etiam
917 1042 1072 1107 aviditate
1104 1041 1275 1107 dimicandi

104 1152 200 1215 quam
224 1131 364 1213 primum
387 1132 422 1194 in
446 1153 577 1214 campos
601 1131 708 1196 delata
730 1133 822 1196 acies.
860 1131 973 1195 deinde
992 1132 1152 1195 instructa
1170 1130 1311 1214 primos

105 1240 163 1284 suo
188 1223 274 1290 stare
298 1220 370 1285 loco
393 1220 506 1285 relicto
529 1219 678 1285 hostibus
703 1220 744 1284 ad
770 1220 994 1285 instruendum
1018 1223 1131 1285 contra
1155 1219 1276 1303 spatio,

106 1307 188 1385 dein,
213 1311 387 1392 postquam
411 1309 593 1374 detractare
616 1308 744 1373 hostem
768 1330 896 1372 sensere
917 1326 1070 1393 pugnam,
1093 1308 1133 1372 ad
1156 1310 1275 1372 vallum

108 1398 257 1461 subeunt.
303 1397 358 1462 ubi
381 1403 555 1482 postquam
579 1397 737 1462 stationes
759 1418 886 1481 quoque
904 1402 1049 1481 receptas
1068 1398 1155 1461 intra
1173 1398 1275 1462 muni·
1295 1419 1312 1467 4

105 1488 215 1549 menta
239 1508 376 1564 sensere,
400 1487 521 1551 clamor
543 1490 675 1569 repente
698 1486 783 1550 circa
806 1485 902 1550 duces
926 1489 1031 1568 ortus,
1053 1490 1090 1549 ut
1112 1507 1150 1551 eo
1175 1486 1236 1550 sibi
1260 1507 1276 1550 e

107 1575 222 1638 castris
256 1575 378 1640 cibaria
411 1576 478 1639 eius
512 1574 575 1639 diei
607 1574 725 1638 deferri
757 1574 917 1638 iuberent:
949 1596 1119 1638 mansuros
1152 1597 1187 1638 se
1217 1575 1276 1639 sub

107 1663 207 1727 armis
231 1667 264 1726 et
287 1666 344 1727 aut
366 1667 461 1728 nocte
485 1668 542 1727 aut
565 1667 650 1728 certe
674 1664 745 1728 luce
767 1663 873 1747 prima
896 1667 1002 1728 castra
1024 1663 1167 1727 hostium
1190 1664 1278 1727 inve·

105 1773 209 1817 suros.

193 1839 306 1904 Nihilo
336 1840 475 1924 quietior
498 1839 664 1904 Romanus
687 1840 847 1905 exereitus
860 1839 1001 1922 vimperio
1021 1839 1110 1904 ducis
1134 1839 1276 1905 contine·
1296 1861 1312 1910 5

103 1931 166 1992 tur.
213 1926 337 1993 decima
370 1932 440 1993 erat
471 1928 538 1992 fere
567 1928 632 1993 diei
659 1928 754 2012 hora,
786 1951 859 1994 oum
887 1930 992 1994 cibum
1021 1950 1136 2011 capere
1166 1930 1277 1994 consul

107 2016 228 2080 milites
251 2017 354 2100 iubet3
377 2017 545 2100 praecipit
573 2018 667 2082 utin
690 2019 789 2082 armis
813 2020 890 2100 sint,
913 2029 1113 2102 quecumque
1135 2018 1199 2082 diei
1220 2041 1276 2084 no-

106 2105 208 2170 ctisve
232 2105 314 2170 hora
338 2107 467 2190 signum
486 2107 618 2171 dederit.
664 2108 774 2190 paucis
793 2107 916 2172 milites
935 2108 1127 2191 adloquitur,
1151 2105 1275 2171 Samni·
1295 2133 1311 2182 6

104 2194 185 2259 tium
219 2194 305 2258 bella
337 2195 480 2277 extollit,
512 2196 618 2260 elevat
649 2196 820 2279 Etrusc0s3
852 2217 910 2260 nec
940 2196 1069 2260 hostem
1099 2195 1186 2259 hosti
1216 2217 1276 2260 nec

104 2281 347 2347 multitudinem
370 2284 574 2348 multitudini
597 2285 850 2367 comparandam
872 2285 932 2367 ait,
955 2305 1026 2347 esse
1045 2288 1212 2366 praeterea
1229 2286 1276 2347 te-

103 2438 149 2493 dis
166 2438 388 2495 Volkstribunen
403 2444 480 2496 sonet
493 2440 574 2494 ihren
590 2444 663 2494 amt-
752 2439 886 2510 finitima]
911 2441 964 2493 mit
993 2437 1070 2506 Gen,
1090 2464 1124 2483 =
1142 2439 1277 2506 finitimas

104 2509 197 2565 lichen
222 2509 379 2565 Charakter
403 2512 440 2581 (3,
471 2518 513 2577 20,
543 2515 579 2580 2),
602 2510 664 2564 ihre
717 2512 846 2580 repiones.

104 2581 374 2636 Unverletzlichkeit
414 2584 472 2637 und
509 2583 559 2636 das
596 2582 663 2636 Ver·
753 2587 778 2635 2.
803 2585 924 2650 quantas
939 2622 945 2635 .
961 2621 967 2634 .
983 2622 989 2634 .
1004 2580 1151 2651 coercitas]
1166 2606 1200 2625 =
1214 2585 1276 2636 tari-

104 2651 327 2721 haftungsrccht.
370 2653 438 2706 Hiar
461 2653 607 2708 entiernen
624 2653 664 2706 sia
718 2658 763 2708 tus
795 2654 938 2715 accredas,
974 2658 1094 2722 quantus
1126 2668 1276 2721 numquam

106 2723 167 2777 sich
195 2720 475 2778 ausserordentlieher
503 2721 597 2777 Weise
624 2722 665 2776 im
718 2728 808 2778 autea.
846 2722 909 2792 Vgl.
928 2721 998 2792 Kap.
1019 2729 1062 2791 39,
1081 2727 1107 2776 5.

106 2794 244 2863 Austrage
268 2795 317 2848 des
347 2793 463 2849 Senates
489 2795 587 2848 weiter
610 2810 665 2848 von
754 2793 1200 2863 5511515](15525555501τηί2125.

106 2864 156 2919 der
171 2863 262 2931 Stadt,
277 2882 324 2918 um
339 2865 420 2919 einen
434 2864 588 2920 Ileldherrn
602 2883 665 2918 unm
754 2882 836 2935 quam
850 2864 987 2935 primum]
1005 2863 1060 2919 mit
1072 2865 1226 2919 dimicandi
1243 2882 1278 2918 nu

107 2935 262 2990 Gehorsam
299 2953 388 3005 gegen
426 2937 480 2991 den
513 2936 600 2991 Sonat
631 2954 666 2990 zu
719 2935 880 2991 verbinden.

104 3007 234 3075 rotigen,
254 3007 358 3062 ebenso
377 3006 424 3076 29,
443 3012 487 3072 20,
507 3013 549 3061 11.
754 3012 779 3060 3.
795 3008 832 3062 ad
845 3006 1047 3077 instruendam]
1065 3007 1184 3074 absolut,
1196 3007 1278 3063 ==ad

142 3078 253 3149 bellum]
295 3077 439 3132 Nachdem
480 3077 584 3132 Fabius
619 3077 665 3132 die
718 3079 910 3134 instruendam
923 3080 1015 3132 aciem.
1043 3077 1276 3148 Ebens010,l2,

105 3147 241 3204 Etrusker
267 3148 314 3204 hei
343 3149 468 3204 Sutrium
493 3149 666 3220 geschlagen
722 3155 755 3204 15
773 3168 800 3204 u.
820 3149 867 3217 28,
887 3155 931 3217 22,
951 3154 992 3203 13.

106 3221 187 3275 hatte
208 3221 289 3289 (Kap.
313 3226 357 3286 35,
381 3226 417 3289 8),
436 3221 543 3275 konnte
563 3236 594 3274 ar
611 3222 666 3275 den
754 3221 830 3292 dein]
855 3220 919 3274 dem
942 3222 1035 3289 primo
1063 3221 1276 3291 entspreohend,

105 3291 191 3360 Krieg
210 3292 289 3346 nicht
306 3291 404 3347 weiter
418 3291 572 3362 vertolgen,
591 3292 663 3346 ohne
716 3291 953 3360 Unterabteilung
971 3308 1004 3345 au
1023 3293 1128 3347 deinde.

106 3361 195 3416 durch
222 3363 276 3417 den
302 3361 492 3418 Cimiuischen
519 3364 604 3418 Wald
630 3381 663 3416 au
753 3370 777 3416 4.
804 3364 958 3431 mansuros]
988 3363 1217 3432 ‘ubernachten’,
1246 3362 1276 3417 in

107 3431 213 3486 ziehen.
717 3432 809 3487 dieser
834 3435 998 3501 Bedeutung
1022 3435 1064 3488 oft
1082 3433 1111 3488 in
1135 3435 1184 3489 der
1208 3434 1276 3488 Um-

143 3503 192 3558 al.
209 3505 427 3575 uespertinum]
446 3503 664 3559 NachderDar·
717 3505 925 3574 gangssprache
951 3504 988 3571 (3,
1013 3509 1056 3573 45,
1081 3511 1096 3560 7
1124 3523 1150 3562 u.
1175 3509 1218 3572 59,
1243 3511 1275 3572 8;

108 3572 232 3643 stellung
246 3572 296 3627 (155
307 3566 404 3629 Livius
414 3593 472 3630 war
486 3575 536 3629 der
552 3575 665 3629 Marsch
718 3574 765 3642 22,
786 3581 827 3641 13,
846 3581 874 3642 8;
895 3574 941 3639 22,
962 3581 986 3641 6,
1005 3576 1040 3644 2).

109 3643 198 3697 durch
216 3644 261 3697 die
280 3644 352 3699 silva
367 3645 487 3701 Ciminia
500 3645 546 3700 ein
564 3644 665 3700 blcller
755 3653 779 3700 5.
798 3648 885 3700 nihilo
903 3645 1032 3716 quietior]
1050 3644 1103 3698 Die
1118 3645 1277 3699 romischen

109 3714 256 3785 Streifzng.
299 3716 433 3786 Dagegen
456 3718 529 3771 nach
550 3717 665 3784 andern,
719 3716 852 3771 Soldatan
880 3733 974 3770 waren
999 3717 1122 3784 unruhig
1148 3715 1276 3786 dardber,

108 3783 239 3840 niemlich
267 3786 503 3857 glaubwi'irdigen
529 3788 666 3856 Angaben
720 3785 777 3841 dall
788 3788 837 3841 der
847 3787 954 3840 Konsul
968 3787 1047 3840 nicht
1059 3803 1110 3840 vor
1123 3786 1172 3839 der
1185 3785 1275 3839 feind-

108 3860 134 3924 (5
151 3861 196 3924 11;
216 3858 272 3926 vgl.
287 3859 358 3927 Kap.
372 3865 416 3925 35,
435 3865 462 3924 8)
477 3857 550 3912 trieb
564 3857 666 3913 Fabius
719 3859 813 3913 lichen
822 3847 995 3912 llbermacht
1005 3857 1182 3911 nursickwich
1197 3859 1224 3925 (ς
1241 3860 1277 3926 7).

108 3928 153 3981 die
162 3926 268 3983 Peinde
276 3930 344 3982 weit
355 3927 458 3983 zurdck
467 3927 539 3984 nach
552 3927 665 3983 Norden
754 3931 811 3984 diei
828 3931 946 3984 noctisve
959 3928 1041 4050 bora}
1059 3927 1131 3982 Vom
1145 3926 1278 3997 Aufgang

107 3997 211 4053 bisen
234 4000 279 4053 dia
303 3999 426 4055 Grenzen
449 4018 504 4055 von
522 3999 665 4055 Umbrien.
720 4000 763 4053 bis
777 4018 840 4052 num
848 4000 1013 4068 Untergang
1043 3997 1278 4054 erSonnezthlte

143 4070 418 4141 proflipatumlllgl.
439 4071 571 4140 Kap.29,
592 4076 616 4124 1.
719 4087 786 4123 man
811 4068 894 4125 zwolf
914 4069 1048 4124 Stunden.
1085 4069 1195 4123 Ebenso
1220 4087 1278 4124 war

143 4141 273 4213 namque]
292 4140 357 4211 Vgl.
376 4141 446 4240 Kap.
467 4147 510 4208 25,
529 4148 554 4196 2.
721 4141 766 4195 die
789 4141 883 4194 Nacht
905 4141 935 4195 in
957 4140 1042 4194 awdlf
1064 4140 1191 4195 Stunden
1210 4140 1278 4197 oder

144 4211 207 4283 ora]
237 4213 439 4281 ‘Lundstrich,
468 4213 514 4267 h'ir
541 4212 587 4267 die
614 4216 667 4267 Be·
721 4212 781 4267 viar
800 4211 1009 4266 Nachtwachen
1027 4211 1183 4281 eingeteilt.

109 4284 224 4339 wohner
241 4285 357 4354 gesetzt.
757 4289 782 4338 6.
801 4283 911 4353 pauca]
929 4281 994 4350 Vgl.
1013 4282 1084 4352 Kap.
1103 4289 1128 4350 8,
1148 4289 1172 4338 4.

144 4356 276 4426 55255551]
298 4356 389 4410 ‘hatte
404 4355 595 4426 empfunden',
614 4355 668 4409 wie
756 4352 851 4424 telum]
883 4353 927 4407 oft
959 4353 1078 4409 bildlich
1115 4354 1278 4424 gebraucht,

109 4423 181 4494 Kap.
200 4430 244 4493 41,
263 4430 288 4482 8.
723 4424 834 4494 ‘Waffe,
853 4424 933 4480 List'.
