2864 4800
144 200 208 264 102
366 272 369 278 ,
542 197 651 254 trena
668 197 716 265 m
749 198 827 257 cnr.
845 203 889 254 43.
1167 225 1187 254 2,
1202 225 1224 254 u.
1239 225 1260 254 ο,
1276 215 1325 257 aa

98 361 141 426 43
231 359 270 424 In
293 357 427 425 Samnio
452 383 587 445 quoque,
611 360 686 445 quia
705 360 890 426 decesserat
908 361 983 426 inde
1001 360 1132 445 Fabius,
1155 362 1235 428 novi
1255 384 1325 428 mo·

142 453 195 513 tus
219 449 331 514 exorti.
368 447 496 514 Calatia
520 455 552 514 et
576 448 658 515 Sora
680 450 915 534 praesidiaque,
941 472 1022 533 quae
1045 450 1079 515 in
1098 450 1151 514 his
1171 449 1325 515 Romana

143 541 245 622 erant,
268 541 461 622 expugnata,
484 542 517 602 et
539 538 573 603 in
597 539 800 622 captivorum
819 560 957 623 corpora
975 539 1117 604 militum
1136 538 1231 604 foede
1253 561 1325 604 sae-

108 628 255 693 uvitum.
300 627 411 711 itaque
439 649 477 692 eo
506 627 540 692 P.
564 626 734 693 Cornelius
759 649 832 693 cum
856 628 998 693 exercitu
1022 628 1148 694 missus.
1196 627 1323 694 Marcio

141 715 219 781 novi
240 715 353 779 hostes
384 752 427 762 -
451 716 517 780 iam
541 716 627 780 enim
649 714 832 800 Anagninis
856 717 1070 800 Hernicisque
1095 716 1167 781 aliis
1197 717 1323 781 bellum

143 805 268 869 iussum
292 807 362 868 erat
389 840 427 852 —
451 805 675 870 decernuntur.

107 909 123 956 3
231 893 340 957 Primo
368 895 415 957 ita
443 895 553 958 omnia
581 897 764 977 opportuna
794 895 867 958 loca
896 894 1008 959 hostes
1037 895 1121 958 inter
1149 895 1324 960 consulum

143 986 251 1047 castra
269 983 518 1066 interceperunt,
537 985 574 1046 ut
592 981 767 1065 pervadere
786 982 955 1066 expeditus
968 984 1102 1047 nuntius
1119 1003 1187 1047 non
1200 985 1324 1068 posset,

107 1087 124 1135 4
143 1075 176 1134 et
198 1093 257 1154 per
275 1070 401 1154 aliquot
421 1071 488 1135 dies
510 1071 625 1136 incerti
643 1093 751 1137 rerum
770 1072 915 1136 omnium
935 1071 1146 1154 suspensique
1169 1070 1210 1135 de
1230 1074 1323 1137 statu

143 1159 276 1223 alterius
300 1162 435 1243 uterque
464 1160 577 1225 consul
605 1164 730 1243 ageret,
755 1160 957 1244 Romamque
980 1160 1009 1225 is
1033 1163 1137 1225 metus
1161 1164 1321 1245 manaret,

108 1248 221 1312 tadeo
245 1250 283 1310 ut
305 1269 417 1312 omues
444 1249 587 1313 iuniores
616 1253 817 1314 sacramento
841 1249 1059 1332 adigerentur,
1082 1251 1179 1332 atque
1202 1249 1244 1313 ad
1268 1271 1322 1313 su·

144 1337 213 1400 bita
242 1358 350 1400 rerum
378 1337 441 1402 duo
465 1338 544 1401 iusti
572 1337 789 1403 scriberentur
817 1338 985 1402 exercitus.
1038 1341 1179 1402 ceterum
1202 1336 1322 1402 Herni-

142 1446 216 1490 oum
240 1424 361 1489 bellum
380 1447 584 1511 nequaquam
601 1448 661 1509 pro
680 1427 843 1510 praesenti
861 1430 984 1492 terrore
1003 1448 1040 1491 ac
1060 1429 1188 1491 vetusta
1212 1427 1321 1510 gentis

107 1514 249 1597 ogloria
276 1514 349 1580 fuit.
398 1514 482 1578 nihil
509 1536 648 1599 usquam
680 1515 768 1580 dictu
795 1514 930 1600 dignum
958 1514 1043 1600 ausi3
1077 1515 1174 1580 trinis
1203 1516 1322 1580 castris

142 1604 228 1667 intra
255 1625 375 1686 paucos
408 1603 477 1668 dies
510 1605 598 1668 exuti
630 1604 769 1688 triginta
800 1604 925 1668 dierum
954 1604 1096 1668 indutias
1124 1604 1185 1685 ita,
1212 1606 1250 1667 ut
1279 1604 1322 1668 ad

143 1696 291 1756 senatum
314 1691 452 1757 Romam
475 1692 602 1776 legatos
625 1694 803 1777 mitterent,
825 1693 913 1775 pacti
936 1697 1014 1756 sunt
1031 1692 1179 1756 bimestri
1198 1692 1322 1775 stipen-

108 1779 196 1843 tdio
220 1779 446 1863 frumentoque
470 1785 504 1844 et
527 1781 663 1865 singulis
686 1781 722 1845 in
746 1782 883 1845 militem
907 1781 1035 1846 tunicis.
1080 1782 1121 1845 ab
1145 1784 1259 1844 senatu
1279 1781 1323 1844 ad

143 1867 299 1932 Marcium
326 1869 451 1952 reiecti,
477 1868 530 1933 oui
557 1872 689 1933 senatus
717 1870 866 1935 consulto
890 1869 1083 1953 permissum
1106 1870 1145 1932 de
1168 1867 1322 1934 Hernicis

142 1959 226 2039 erat;
249 1955 341 2038 isque
364 1977 436 2020 eam
460 1959 590 2039 gentem
613 1956 647 2021 in
670 1958 866 2022 deditionem
892 1958 1024 2042 accepit.
1069 1961 1103 2022 et
1126 1956 1160 2021 in
1186 1955 1322 2022 Samnio

108 2059 124 2109 8
144 2044 226 2108 alter
249 2044 362 2108 consul
386 2046 533 2129 superior
557 2045 688 2129 viribus,
712 2046 791 2111 locis
814 2046 1001 2129 impeditior
1024 2051 1101 2112 erat
1139 2045 1249 2111 omnia
1267 2048 1321 2111 iti·

120 2240 127 2255 ’
177 2271 434 2341 naam-444.
471 2271 635 2327 naseam
649 2278 702 2327 448
758 2273 850 2327 sune.
889 2274 926 2327 ns
945 2274 1051 2328 kanna
1073 2270 1191 2328 heissen:
1219 2279 1246 2329 a
1267 2291 1321 2344 per

142 2343 201 2396 der
220 2343 335 2398 Stadt:
354 2342 446 2398 Neue
462 2344 622 2398 Unruhen
636 2345 704 2398 und
757 2346 863 2413 aliquot
881 2345 939 2399 dies
959 2350 1071 2414 aterque
1086 2346 1182 2399 coceai
1199 2346 1322 2400 incertae

141 2413 284 2482 Kampfe
307 2416 342 2469 in
365 2413 548 2478 Samnium
577 2415 703 2470 Unter-
757 2417 1321 2484 rcrcmomaicmecspeaeasqccdeatctu

142 2485 295 2554 werfung
331 2487 389 2540 der
426 2485 599 2541 Herniker
636 2487 703 2540 und
759 2488 990 2558 citeriuscpcret.

143 2553 305 2626 Ordnung
330 2557 426 2610 ihrer
444 2557 702 2624 Verhitltnisse3
793 2559 1025 2630 aperct]=csset.
1057 2556 1320 2627 Vgl.Kap.20,10.

141 2625 621 2697 ThittigkeitderCensoron3
640 2629 703 2681 Er·
795 2643 820 2693 5,
839 2655 929 2693 omnes
1030 2637 1220 2708 adipereatar]
1253 2638 1319 2708 Vgl.

31 2764 33 2769 γ
141 2713 317 2768 neuerung
335 2699 393 2752 des
408 2697 621 2754 Bdndnisses
641 2700 703 2753 mit
758 2710 827 2780 Καρ,
843 2715 887 2778 29,
901 2715 925 2764 4,

142 2768 205 2823 den
223 2768 380 2839 Kartha&
386 2787 452 2823 ‘³111-
793 2791 831 2844 ad
853 2790 946 2844 subita
970 2789 1074 2860 reram]
1101 2788 1147 2842 fur
1168 2788 1320 2858 plotzliche

178 2848 226 2905 48.
248 2855 271 2906 1.
292 2849 416 2920 Caiatia]
432 2849 528 2905 frfiher
541 2851 570 2904 in
587 2850 636 2905 der
650 2849 703 2906 Ge·
756 2859 1018 2930 Kriegsercignisse.

143 2921 211 2974 walt
230 2922 279 2975 ‘³01'
298 2920 439 2975 Samnite!
458 2922 580 3009 (Kapgb
595 2926 631 2990 ²),
650 2920 704 2975 ⁵⁰st
793 2941 872 3011 iusti]
892 2938 1074 3007 ordentliche,
1102 2956 1159 2994 von
1182 2936 1251 2995 zwei
1269 2938 1321 2995 Le·

143 2989 208 3044 funs
222 2991 327 3046 Jahrsn
349 3008 405 3046 von
428 2992 484 3045 den
506 2993 629 3047 Romeru
654 2991 704 3046 be·
758 3012 869 3080 gionen·

142 3063 215 3116 mit
232 3063 313 3132 (Kap.
329 3067 373 3130 2⁸2
388 3063 423 3130 6)·
790 3091 857 3161 pro]
890 3090 930 3144 im
957 3089 1122 3144 Verhbltnis
1154 3108 1201 3158 au,
1235 3107 1320 3160 ange·

164 3141 261 3221 dora]
290 3157 327 3193 au
355 3141 404 3194 der
428 3139 533 3194 Grenze
563 3142 612 3195 des
631 3141 701 3194 Her·
758 3178 912 3231 30m0„0n‚

142 3211 329 3278 mkerlandos,
356 3215 410 3265 314
433 3228 489 3266 von
508 3211 563 3265 den
581 3211 704 3265 Romern
794 3238 819 3287 6,
838 3233 891 3299 ,paq
911 3231 994 3284 ,mter
1012 3230 1062 3283 der
1080 3231 1255 3301 Redingung,

143 3281 361 3336 zurflckerOberb
392 3281 450 3335 und
482 3281 591 3336 beflebzb
621 3281 702 3352 (Καρ.
789 3303 869 3371 pacti
891 3300 969 3371 gum]
995 3299 1047 3354 ‘sie
1071 3301 1241 3372 erlangten’,
1266 3302 1322 3358 mit

142 3354 255 3421 2414).
416 3433 423 3444 ,
618 3433 623 3444 .
758 3373 864 3442 Objeht
882 3371 921 3424 im
940 3369 1005 3426 Aec.
1025 3389 1052 3427 u.
1071 3373 1124 3428 mit
1142 3374 1206 3427 Abl.
1225 3373 1320 3443 pretii.

178 3433 220 3504 ⁶⁰]
239 3434 312 3487 nach
328 3432 514 3557 5411411111ῐῦἕὲ
530 3435 566 3500 7),
586 3434 640 3486 mli
654 3433 704 3487 der
758 3442 868 3497 Ebenso
893 3443 969 3496 steht
989 3450 1091 3513 pactas
1113 3445 1166 3498 mit
1188 3443 1251 3498 Ahl.
1271 3443 1320 3514 10,

141 3502 279 3573 Aufgabe,
308 3503 419 3558 uelata
445 3521 483 3557 uu
527 3504 596 3559 Sora
620 3505 699 3574 (Kap.
758 3518 846 3581 37‚53
866 3513 1197 3582 21‚61‚11322‚52‚3,

142 3579 190 3644 44,
207 3577 250 3645 16)
275 3575 532 3630 zurfickzuerobem
557 3575 614 3627 und
639 3574 701 3629 eine
793 3591 818 3639 7,
833 3585 938 3656 reiecti]
949 3592 1066 3640 rescat.
1085 3585 1151 3655 Vgl.
1162 3586 1231 3656 Kap.
1243 3591 1319 3654 20,2.

141 3645 327 3716 Verbindung
349 3647 399 3700 der
418 3645 558 3700 Samnitar
575 3643 629 3699 mit
648 3644 701 3699 den
789 3657 954 3725 permissum
978 3658 1011 3711 de
1034 3656 1168 3712 Hernicis
1193 3663 1253 3712 erat
1284 3682 1319 3703 ι,

142 3715 299 3772 Hernilrern
317 3735 351 3771 zu
369 3716 546 3772 verhindern.
756 3728 875 3782 Hernici
889 3728 1019 3797 permissi
1037 3733 1126 3782 eram,
1164 3727 1229 3798 vgl,
1290 3746 1319 3797 p,

177 3802 202 3855 2.
222 3797 446 3868 belicmicsswm]
462 3814 498 3852 sc.
514 3797 627 3864 inferri,
641 3797 703 3864 ficri
758 3805 808 3867 20,
828 3804 854 3853 3.
892 3797 953 3851 Wir
983 3798 1097 3852 konnen
1125 3797 1170 3852 ein
1199 3797 1321 3868 Subjekt

144 3869 225 3938 (Καρ.
240 3874 283 3937 45,
298 3872 336 3936 8),
355 3868 444 3921 durch
463 3867 545 3922 einen
562 3866 701 3923 Volksbe·
756 3869 836 3940 (freis
855 3867 947 3936 Hand,
967 3868 1013 3922 die
1025 3867 1201 3939 Veridgung)
1221 3869 1319 3923 hincu-

142 3935 253 3994 a'chluss.
296 3939 407 3994 Ebenso
437 3940 515 3993 steht
541 3937 591 3992 der
617 3937 702 3994 Dativ
757 3942 858 3995 semen.

142 4009 189 4063 bei
214 4011 314 4066 bellam
335 4011 427 4066 iubere
450 4009 495 4076 10,
513 4016 554 4079 12,
570 4016 586 4064 3
609 4027 636 4066 u.
655 4009 702 4080 42,
793 4010 931 4081 superior]
947 4009 1002 4063 den
1015 4008 1139 4064 Feinden
1155 4009 1318 4080 uberlegen.

143 4085 186 4148 33,
200 4086 225 4135 4.
793 4083 859 4137 locis
899 4080 955 4135 Der
980 4079 1127 4135 Chiasmus
1156 4080 1320 4136 erleichtert

144 4156 202 4276 S3.
222 4153 319 4219 hortea]
338 4149 429 4218 beide,
453 4149 499 4206 die
516 4151 655 4207 Herniker
674 4171 701 4208 u.
756 4151 827 4278 girl
870 4150 959 4220 egiall
983 4150 1060 4206 einer
1083 4152 1319 4221 Adversativpar·

163 4222 291 4276 amniter.
772 4222 835 4277 'e.

177 4298 203 4349 4.
221 4292 322 4348 incerti
349 4333 355 4346 .
377 4329 410 4347 ..
438 4293 575 4364 sarpanas]
604 4293 701 4348 Plural
792 4292 961 4364 impeditior]
972 4294 1053 4348 mehr
1062 4291 1220 4364 gehindert,
1230 4294 1318 4350 ntml.

142 4363 230 4418 durch
271 4362 478 4420 Konstruktion
521 4365 594 4420 nach
636 4365 701 4420 dem
756 4381 839 4434 qaam
860 4364 996 4419 Marcius.
