2864 4800
101 311 121 341 a.
137 300 187 340 our.
201 311 223 339 n.
237 301 284 342 oar.
504 282 612 339 LIBER
630 283 677 338 IX.
710 281 786 341 GAP.
807 290 832 339 6.
852 290 876 338 l.
1233 285 1274 348 21

103 451 164 514 bus
187 447 387 532 privatisque
411 450 444 511 et
467 446 607 530 publicis
631 445 778 530 fungitur
801 445 925 511 officiis.
963 469 1066 531 neque
1085 447 1152 513 illis
1171 449 1274 514 socio·
1294 466 1310 513 8

104 560 177 602 rum
200 538 337 603 comitas
360 536 535 621 vultusque
563 534 698 621 benigni
725 539 758 599 et
781 535 925 619 alloquia
948 558 1012 600 non
1041 538 1135 602 modo
1160 559 1278 602 sermo-

102 649 176 692 nem
206 627 337 709 elicere,
370 625 425 689 sed
457 647 499 689 ne
531 627 568 688 ut
596 625 707 689 oculos
739 623 867 708 quidem
895 625 1084 690 attollerent
1115 629 1173 691 aut
1204 647 1277 691 con-

104 717 247 781 solantes
285 714 406 781 amicos
444 716 558 779 eontra
591 713 796 778 intuerentur
838 713 964 779 efficere
996 718 1160 799 poterant3
1197 714 1311 780 adeost

104 827 202 890 super
224 825 404 870 maerorem
428 802 533 888 pudor
557 801 689 886 quidam
712 801 825 887 fugere
848 803 1009 888 colloquia
1032 808 1065 868 et
1088 808 1198 868 coetus
1220 803 1275 869 ho-

103 895 227 960 minum
251 893 397 977 cogebat.

195 982 331 1047 Postero
355 981 405 1045 die
429 1003 501 1046 cum
525 981 656 1044 iuvenes
679 978 816 1063 nobiles,
838 980 931 1044 missi
955 1004 974 1045 a
998 978 1122 1066 Oapue,
1144 984 1183 1046 ut
1205 1003 1276 1064 pro·
1298 997 1331 1044 ιο

105 1070 286 1137 ficissentes
318 1069 358 1135 ad
391 1070 487 1134 finem
520 1067 722 1152 Campanum
754 1074 1037 1154 prosequerentur,
1068 1070 1278 1135 revertissent

107 1160 279 1245 vocatique
302 1159 336 1224 in
360 1160 482 1225 curiam
505 1158 773 1242 percontantibus
798 1158 974 1224 maioribus
992 1164 1072 1223 natu
1092 1161 1194 1224 multo
1214 1159 1276 1224 sibi
1299 1174 1329 1221 ιι

107 1249 296 1314 maestiores
321 1252 353 1313 et
376 1248 563 1313 abiectioris
587 1247 689 1311 animi
713 1247 800 1311 visos
823 1246 980 1312 referrent
1003 1245 1098 1334 (adeo
1117 1248 1216 1312 silens
1240 1263 1329 1313 ac1a

107 1360 209 1422 prope
237 1342 362 1403 mutum
391 1358 510 1422 agmen
537 1335 722 1420 incessisse3
752 1335 857 1400 iacere
880 1336 1020 1401 indolem
1044 1336 1137 1402 illam
1160 1336 1278 1401 Roma-

105 1448 182 1491 nam
206 1427 397 1511 ablatosque
422 1448 495 1491 cum
520 1425 619 1490 armis
639 1423 780 1509 animos,
802 1446 868 1490 non
887 1425 1019 1490 reddere
1040 1426 1176 1490 salutem
1196 1427 1278 1490 salu-

105 1516 260 1598 tantibus,
282 1537 351 1580 non
374 1515 451 1581 darc
481 1534 687 1597 responsum,
719 1535 786 1577 non
817 1513 940 1578 hiscere
973 1536 1167 1598 quemquam
1199 1536 1277 1597 prae

106 1608 195 1669 metu
227 1604 385 1689 potuisse,
417 1608 586 1689 tamquam
617 1601 795 1666 ferentibus
823 1601 927 1668 adhuc
956 1603 1134 1668 cervicibus
1157 1603 1279 1687 iugum,

105 1695 164 1759 sub
194 1694 280 1778 quod
309 1693 402 1757 missi
426 1696 547 1773 essent,
579 1689 699 1755 babere
718 1688 881 1756 Samnites
905 1691 1071 1757 victoriam
1096 1712 1163 1756 non
1185 1706 1329 1775 prae-13

105 1782 226 1848 claram
256 1783 376 1865 solum,
409 1781 464 1845 sed
493 1780 591 1845 etiam
619 1783 821 1863 perpetuam3
854 1781 978 1864 cepisse
1006 1781 1093 1844 enim
1124 1801 1178 1845 eos
1211 1803 1277 1845 non

106 1870 255 1952 Romam,
279 1871 363 1935 sicut
387 1874 464 1935 ante
488 1869 609 1948 Gallos,
633 1867 703 1952 sed,
726 1868 811 1953 quod
834 1870 937 1934 multo
961 1869 1148 1934 bellicosius
1170 1870 1277 1952 fuerit,

106 1958 289 2024 Romanam
312 1959 465 2024 virtutem
487 1953 730 2045 ferociamque),
756 1994 794 2005 -

197 2069 270 2113 eum
298 2049 378 2113 baec
406 2047 590 2112 dicerentur
613 2046 863 2132 audirenturque
891 2051 923 2111 et
946 2047 1150 2132 deploratum
1174 2069 1276 2130 paene
1297 2049 1314 2112 7

106 2137 287 2203 Romanum
311 2158 429 2203 nomen
451 2139 486 2203 in
510 2136 646 2202 concilio
671 2136 829 2201 sociorum
857 2136 1000 2201 fidelium
1033 2143 1132 2217 esset,
1160 2137 1311 2201 dieitura

140 2329 253 2401 officiis]
272 2329 371 2385 Neben
390 2330 445 2386 den
462 2333 538 2386 irrata
551 2327 664 2384 werden
753 2329 865 2399 hiscere]
884 2328 948 2397 Vgl.
968 2327 1040 2396 Knp.
1060 2332 1085 2394 4,
1105 2334 1129 2383 7.

108 2399 359 2471 ‘Gefdlligkeiten,
391 2399 662 2468 Dienstleistungen’
750 2425 822 2476 prae
840 2410 922 2476 metu]
943 2424 992 2462 vor
1012 2406 1112 2474 seben,
1131 2406 1239 2462 seham,

107 2471 334 2535 unterschieden‚
348 2473 454 2528 welche
467 2473 533 2527 teila
547 2469 593 2526 die
607 2470 666 2523 Pri·
754 2488 906 2554 serenum
925 2529 931 2541 ,
948 2530 954 2542 ,
973 2488 1154 2559 ‚cervicibuq
1182 2485 1276 2543 Ablat,

107 2545 193 2599 vater
216 2543 282 2598 teils
308 2544 354 2598 die
372 2543 520 2598 Behorden
542 2542 601 2597 und
619 2540 665 2594 die

111 2613 264 2669 Gemeindc
283 2614 337 2668 den
360 2615 482 2669 Romern
502 2613 646 2668 erwiesen.

146 2698 170 2746 8.
198 2692 293 2762 neque]
327 2693 394 2747 Dies
427 2694 505 2747 dicut
533 2710 582 2745 zur
610 2691 665 2742 An-

107 2763 255 2832 knupfung
265 2763 313 2816 des
329 2763 424 2818 Satzee
438 2763 496 2818 und
510 2763 553 2817 als
571 2761 663 2830 Nega·

107 2832 169 2888 tion
191 2852 225 2887 zu
247 2834 349 2889 elicere.
390 2835 457 2889 Man
479 2833 572 2888 denko
591 2831 666 2886 also:

107 2906 165 2960 illis
186 2911 276 2960 numm
302 2907 437 2961 sonorum
461 2906 574 2961 comites
593 2944 666 2958 ....

108 2993 166 3031 non
196 2977 275 3032 modo
306 2993 363 3032 nou
395 2993 543 3033 samonem
574 2975 668 3030 elicere

105 3049 262 3118 (poterunt).

143 3129 190 3183 aed
208 3144 242 3182 ne
260 3127 325 3198 etc]
346 3126 429 3182 Sinn:
446 3129 493 3183 aed
510 3144 545 3182 ne
562 3128 593 3181 id
607 3125 667 3195 qui·

109 3200 169 3325 gom
183 3199 286 3266 efficere
295 3203 435 3269 poterant,
449 3204 481 3253 ul
490 3197 667 3254 ocumscttol·

133 3276 201 3325 rent.

145 3356 241 3406 eontra
255 3349 360 3404 intueri
374 3350 503 3421 aliquem]
513 3348 667 3420 jemanden

111 3421 155 3476 ins
174 3420 330 3490 Angesicht
350 3421 481 3478 schauen.
501 3422 528 3488 l,
549 3426 591 3488 16,
610 3427 635 3474 6.

146 3506 171 3555 9.
190 3501 268 3570 adeo]
288 3500 370 3555 lcitet
387 3499 436 3555 bei
449 3501 545 3556 Livius
559 3501 602 3555 oft
619 3498 666 3553 die

108 3569 298 3640 Bestittigung
321 3571 389 3626 odor
415 3571 606 3642 Begrilndung
633 3589 666 3624 zu

111 3644 189 3697 einer
211 3642 454 3696 uberraschenden
479 3641 597 3712 Angabe
620 3642 665 3696 ein

114 3713 432 3782 qmmmfflt

149 3797 191 3845 11.
216 3792 370 3846 abiectioris
391 3792 491 3862 animi]
512 3790 667 3861 ‘maderga-

112 3862 298 3932 sohlagener’,
324 3864 409 3918 ntml.
433 3862 476 3917 als
499 3877 546 3916 am
568 3862 669 3917 Abend

110 3935 219 3990 vorher.

146 4021 188 4071 12.
219 4013 322 4084 iacere]
347 4011 388 4066 sei
416 4013 515 4084 dabin,
544 4013 586 4068 sei
609 4030 669 4069 ver-

108 4085 287 4141 schwunden.

145 4164 275 4236 indolem]
294 4165 404 4232 Wesen,
427 4163 503 4232 Sinn,
523 4164 668 4220 Sinnesart

109 4237 191 4306 (Kap.
201 4242 225 4291 4.
236 4239 273 4306 9),
284 4237 367 4291 ndml.
384 4238 510 4292 uirtutem
524 4238 667 4303 ferociam·

106 4326 158 4380 que
175 4314 191 4374 ξ
211 4314 255 4364 13.

145 4390 255 4444 reddere
282 4389 410 4460 sulutem]
439 4387 494 4443 den
520 4386 599 4444 Grnll
624 4406 666 4444 er·

107 4458 222 4516 widem.

720 2558 807 2612 absol.

759 2643 799 2690 13.
818 2636 981 2706 bellicosius]
1000 2637 1057 2691 Das
1072 2638 1155 2692 Wort
1169 2639 1275 2693 bellico-

720 2724 767 2762 sus
798 2704 880 2760 hcillt
908 2713 998 2760 sonet:
1032 2708 1091 2761 voll
1117 2707 1187 2762 Lust
1213 2725 1277 2764 zum

720 2777 815 2848 Krieg.
834 2777 1042 2832 Hierbedeutet
1050 2795 1092 2833 es:
1105 2777 1278 2848 vonKriegs·
1391 2842 1394 2849 Ι

720 2854 781 2903 mut
796 2849 929 2919 zengend,
943 2847 1132 2918 kriegerische
1145 2849 1277 2918 Tllchtig·

720 2919 782 2975 keit
809 2919 980 2975 erfordernd.
1020 2919 1086 2989 vgl.
1112 2920 1163 2990 10,
1193 2926 1218 2989 9,
1243 2927 1277 2975 10

721 2993 912 3047 bellicosiorem
943 3008 1057 3047 annum.
1103 2993 1199 3046 Durch
1231 2992 1277 3046 die

721 3050 931 3132 llberwindnng
946 3062 996 3117 der
1004 3063 1163 3117 rdmiscben
1176 3063 1277 3117 Steud-

721 3133 876 3204 haftiglreit
898 3153 925 3189 u.
949 3132 1114 3189 Zuversicht
1137 3133 1277 3189 bowiesen

721 3206 767 3260 die
779 3205 920 3261 Samniter
928 3206 1010 3260 einen
1019 3203 1277 3274 grdllerenKriegs·

723 3280 784 3331 mut
802 3278 845 3331 als
864 3277 910 3331 die
929 3275 1035 3332 Gallier
1050 3276 1137 3332 durch
1151 3276 1197 3331 die
1211 3275 1277 3331 Eiu-

720 3347 823 3403 nabme
843 3345 936 3403 Rome.
1033 3363 1035 3368 ·

758 3438 786 3492 l.
812 3444 835 3492 1.
859 3436 932 3508 cum]
955 3435 1034 3490 Naeh
1060 3437 1109 3490 der
1129 3437 1277 3505 parenthe-

720 3507 831 3563 tiscben
859 3507 957 3563 Oratio
988 3509 1104 3575 obliqua
1130 3506 1200 3560 wird
1228 3508 1277 3562 der

721 3579 890 3635 Vordersatz
907 3579 961 3632 mit
980 3595 1041 3633 cum
1058 3578 1163 3633 wieder
1181 3577 1276 3647 ausge-

723 3668 855 3706 nommen
873 3650 931 3704 und
949 3650 1048 3705 weiter
1066 3648 1187 3719 gellihrt.

757 3730 940 3801 deploratum]
951 3731 993 3784 als
1005 3726 1204 3797 Hauptbegriff
1214 3744 1277 3781 vor·

722 3801 881 3870 angestellt.
909 3800 962 3854 Die
974 3798 1169 3868 gewdhnliche
1183 3797 1277 3853 Wort·

722 3872 847 3940 stellung
865 3875 952 3926 wtre:
969 3876 994 3925 et
1012 3871 1168 3925 Romanum
1182 3887 1278 3924 acmen

724 3984 774 3999 ...
784 3961 874 4013 paene
892 3943 1063 4012 deploratum
1081 3945 1153 3995 esset.

755 4023 856 4095 poene]
875 4022 922 4076 bei
940 4019 1035 4075 Livius
1053 4019 1094 4075 oft
1112 4020 1205 4075 binter
1223 4021 1278 4076 den

723 4092 923 4162 Hauptbegriff
938 4092 1055 4162 gestellt
1073 4090 1154 4162 (Kap.
1174 4098 1222 4161 31,
1247 4101 1276 4160 53

721 4171 764 4231 35,
789 4170 818 4230 83
842 4165 869 4232 li,
893 4169 936 4231 53,
956 4170 984 4230 ’ῖς
1008 4161 1035 4231 4,
1059 4168 1102 4229 2⁷,
1123 4170 1169 4230 113
1189 4164 1213 4232 7,
1235 4171 1277 4233 14,

723 4234 1130 4304 Μωηψωιῆ

756 4314 834 4388 essct]
857 4315 899 4370 als
921 4315 1049 4370 verlorcn
1073 4314 1207 4382 beweint,
1236 4316 1278 4369 als

720 4391 951 4458 untergegangen
962 4387 1148 4456 ‘autgcgcben
1163 4386 1277 4440 worden

720 4459 800 4514 war’.
826 4460 969 4530 deplorare
980 4457 1070 4513 findet
1077 4456 1288 4512 sicbiud'xesex
