2864 4800
454 909 697 984 PERIOOHA
720 909 851 983 LIBRI
878 909 938 985 IX.

201 1122 237 1188 T.
260 1121 426 1206 Veturius,
444 1120 498 1206 Sp.
517 1121 705 1186 Postumius
725 1120 875 1185 eonsules
896 1120 980 1203 apud
998 1120 1105 1186 furcas
1125 1119 1287 1186 Caudinas

113 1213 250 1278 deducto
279 1213 313 1276 in
340 1212 448 1276 locum
477 1215 584 1275 artum
608 1210 762 1292 exercitu,
791 1231 863 1274 cum
893 1230 967 1292 spes
995 1210 1085 1273 nulla
1108 1214 1194 1274 esset
1217 1232 1288 1275 eva·

112 1302 216 1382 dendi‚
248 1302 376 1366 foedere
414 1322 486 1365 cum
520 1297 722 1363 Samnitibus
752 1298 840 1362 facto
873 1303 906 1361 et
939 1300 1093 1363 sescentis
1126 1299 1287 1383 equitibus

108 1391 266 1457 Romanis
295 1388 461 1454 obsidibus
490 1387 574 1452 datis
603 1388 651 1451 ita
679 1387 854 1451 exercitum
878 1387 1091 1472 abduxerunt,
1113 1392 1150 1452 ut
1174 1409 1286 1454 omnes

111 1481 170 1544 sub
194 1481 307 1562 iugum
326 1478 546 1560 mitterentur;
569 1476 719 1559 idemque
739 1479 869 1540 auctore
889 1474 943 1560 Sp.
957 1476 1127 1541 Postumio
1147 1478 1286 1561 consule,
1306 1497 1322 1545 5

110 1568 164 1650 qui
192 1568 227 1630 in
256 1570 371 1629 senatu
403 1569 565 1649 suaserat,
596 1569 634 1629 ut
666 1586 779 1629 eorum
811 1563 989 1648 deditione,
1022 1587 1160 1649 quorum
1192 1567 1286 1649 culpa

108 1659 177 1720 tam
201 1654 344 1719 deforme
367 1653 479 1718 foedus
502 1653 604 1718 ictum
628 1657 708 1737 erat,
733 1653 865 1736 publica
887 1654 967 1719 fides
986 1654 1190 1739 liberaretur,
1214 1676 1286 1719 cum

108 1744 233 1809 duobus
257 1742 397 1807 tribunis
426 1743 531 1826 plebis
560 1747 593 1807 et
621 1742 781 1826 omnibus,
810 1743 865 1826 qui
894 1743 1007 1808 foedus
1037 1744 1286 1829 spoponderant,

107 1833 208 1898 dediti
238 1830 437 1896 Samnitibus
465 1852 531 1894 non
560 1834 637 1895 sunt
664 1831 798 1916 recepti.
847 1853 907 1896 uec
936 1834 1039 1897 multo
1062 1837 1138 1916 post
1160 1832 1242 1898 fusis
1267 1855 1286 1896 a

107 1922 240 2007 Papirio
265 1919 405 1986 Cursore
435 1917 637 1985 Samnitibus
666 1923 699 1985 et
727 1921 787 1985 sub
816 1919 928 2005 iugum
952 1922 1060 1987 missis
1083 1922 1285 2006 receptisque
1297 1941 1330 1990 10

108 2011 262 2076 sescentis
295 2009 459 2092 equitibus
493 2008 666 2093 Romanis,
702 2011 758 2095 qui
786 2010 916 2075 obsides
949 2011 1019 2075 dati
1051 2014 1152 2092 erant,
1182 2011 1286 2094 pudor

106 2098 226 2183 flagitii
248 2098 367 2181 prioris
391 2098 535 2164 abolitus
560 2103 619 2163 est.
671 2099 777 2183 tribus
807 2099 888 2164 duae
912 2100 1055 2165 adiectae
1078 2103 1164 2181 sunt,
1187 2099 1286 2163 Ufen-

106 2189 178 2252 tina
211 2189 243 2250 et
274 2185 426 2271 Falerna3
460 2185 577 2252 Suessa
610 2192 643 2251 et
665 2187 802 2252 Pontiae
837 2188 983 2253 coloniae
1007 2185 1162 2252 deductae
1200 2192 1284 2252 sunt.

106 2275 233 2359 Appius
258 2273 413 2340 Claudius
438 2297 551 2341 censor
575 2298 695 2360 aquam
719 2275 888 2341 Claudiam
913 2275 1075 2358 perduxit,
1097 2275 1184 2340 viam
1203 2279 1284 2340 stra-

105 2367 154 2429 vit
184 2385 266 2447 quae
299 2363 409 2449 Appia
439 2369 571 2444 vocata,⁴
589 2368 652 2446 est,
686 2363 915 2429 libertinorum
948 2365 1033 2429 filios
1066 2364 1102 2428 in
1137 2368 1283 2429 senatum
1297 2387 1328 2435 15

106 2451 201 2537 legit3
225 2452 372 2535 ideoque,
395 2453 549 2536 quoniam
572 2452 600 2515 is
625 2451 704 2516 ordo
727 2451 869 2537 indignis
893 2453 1080 2536 inquinatus
1104 2454 1284 2538 videbatur,

105 2541 270 2625 sequentis
286 2541 362 2604 anni
382 2541 530 2604 consules
549 2540 585 2605 in
605 2543 722 2604 senatu
736 2539 999 2626 observaverunt,
1013 2542 1283 2626 quemadmodum

106 2634 180 2694 ante
203 2631 371 2714 proximos
401 2651 549 2693 censores
577 2628 692 2694 fuerat.
738 2650 789 2693 res
818 2634 987 2714 praeterea
1011 2635 1125 2695 contra
1147 2631 1282 2714 Apulos,

105 2717 263 2783 Etruscos
296 2723 330 2782 et
361 2717 503 2784 Umbros
536 2722 569 2783 et
600 2716 726 2784 Marsos
759 2726 792 2782 et
823 2719 997 2805 Paelignos
1026 2723 1059 2784 et
1087 2717 1218 2803 Aequos
1249 2723 1282 2784 et

106 2804 278 2890 Samnites,
302 2807 420 2890 quibus
443 2807 557 2872 foedus
578 2807 767 2872 restitutum
787 2811 847 2892 est,
868 2830 1023 2893 prospere
1046 2812 1156 2894 gestas
1180 2808 1325 2880 conti-20

104 2899 169 2959 net.
216 2893 273 2960 On.
296 2895 428 2961 Flavius
452 2896 572 2981 scriba,
598 2893 753 2961 libertino
777 2900 871 2982 patre
893 2902 1001 2984 natus,
1023 2897 1136 2962 aedilis
1160 2897 1279 2962 curulis

104 2984 168 3048 fuit
194 3007 252 3068 per
279 2985 441 3050 forensem
473 2985 648 3051 factionem
682 2990 817 3051 creatus.
869 3009 951 3072 quae
982 3009 1055 3051 oum
1084 2987 1215 3052 comitia
1248 2990 1281 3050 et

105 3094 256 3156 campum
280 3074 428 3139 turbaret
456 3075 545 3138 etin
567 3074 619 3139 his
642 3078 777 3159 propter
799 3074 918 3140 nimias
941 3077 1025 3141 vires
1049 3075 1280 3160 dominaretur,

104 3184 124 3226 a
148 3161 184 3238 Q.
206 3161 309 3227 Fabio
333 3185 466 3229 censore
489 3164 524 3228 in
548 3166 703 3249 quattuor
726 3164 831 3228 tribus
852 3166 981 3230 redacta
1001 3169 1059 3250 est,
1082 3187 1162 3250 quas
1183 3163 1279 3228 urba·

103 3273 163 3316 nas
188 3253 376 3338 appellavit3
400 3275 501 3338 eaque
523 3274 575 3316 res
597 3252 700 3318 Fabio
721 3252 865 3318 Maximo
888 3276 1008 3320 nomen
1027 3254 1124 3319 dedit.
1160 3254 1196 3318 in
1215 3253 1323 3326 hocos

103 3339 188 3403 libro
213 3341 410 3406 mentionem
433 3342 534 3406 habet
556 3341 748 3426 Alexandri,
771 3343 827 3426 qui
849 3344 1051 3428 temporibus
1074 3342 1125 3407 his
1149 3342 1220 3426 fuit,
1246 3347 1279 3406 et

104 3426 289 3492 aestimatis
312 3431 426 3514 populi
448 3431 590 3495 Romani
613 3431 747 3515 viribus,
770 3453 853 3516 quae
875 3437 953 3497 tunc
967 3436 1069 3515 erant,
1090 3430 1227 3514 colligit,
1251 3431 1278 3495 si

104 3512 291 3579 Alexander
312 3520 348 3580 in
370 3517 500 3582 Italiam
523 3520 714 3597 traiecisset,
736 3541 803 3584 non
817 3523 886 3585 tam
901 3521 1031 3586 facilem
1055 3521 1084 3583 ei
1107 3519 1278 3584 victoriam

104 3602 143 3666 de
166 3604 287 3686 populo
311 3603 459 3671 Romano
483 3605 552 3670 fore
576 3629 673 3691 quam
696 3608 806 3672 dehis
827 3609 990 3694 gentibus,
1013 3630 1093 3692 quas
1117 3608 1156 3671 ad
1175 3607 1276 3672 orien-

103 3693 171 3755 tem
193 3692 330 3775 imperio
354 3716 413 3759 suo
437 3694 625 3760 subiecerat.
1286 3719 1320 3768 30

582 3980 795 3990 ———.
