<?xml version="1.0" encoding="UTF-8"?>
<!DOCTYPE html PUBLIC "-//W3C//DTD XHTML 1.0 Transitional//EN"
    "http://www.w3.org/TR/xhtml1/DTD/xhtml1-transitional.dtd">
<html xmlns="http://www.w3.org/1999/xhtml" xml:lang="en" lang="en">
 <head>
  <title>
</title>
<meta http-equiv="Content-Type" content="text/html;charset=utf-8" />
  <meta name='ocr-system' content='tesseract 3.04.00' />
  <meta name='ocr-capabilities' content='ocr_page ocr_carea ocr_par ocr_line ocrx_word'/>
</head>
<body>
  <div class='ocr_page' id='page_1' title='image "./titiliviaburbec00walsgoog/titiliviaburbec00walsgoog_0046.png"; bbox 0 0 2864 4800; ppageno 0'>
   <div class='ocr_carea' id='block_1_1' title="bbox 160 182 1346 248">
    <p class='ocr_par' dir='ltr' id='par_1_1' title="bbox 160 182 1346 248">
     <span class='ocr_line' id='line_1_1' title="bbox 160 182 1346 248; baseline 0.005 -13"><span class='ocrx_word' id='word_1_1' title='bbox 160 185 205 248; x_wconf 85' lang='lat'>40</span> <span class='ocrx_word' id='word_1_2' title='bbox 570 183 679 237; x_wconf 82' lang='lat' dir='ltr'><strong>LIBER</strong></span> <span class='ocrx_word' id='word_1_3' title='bbox 698 185 743 238; x_wconf 81' lang='lat' dir='ltr'>lx.</span> <span class='ocrx_word' id='word_1_4' title='bbox 777 182 854 241; x_wconf 83' lang='lat' dir='ltr'><strong>CAP.</strong></span> <span class='ocrx_word' id='word_1_5' title='bbox 875 191 916 240; x_wconf 85' lang='lat'>16.</span> <span class='ocrx_word' id='word_1_6' title='bbox 1183 210 1240 240; x_wconf 65' lang='lat' dir='ltr'>aa.</span> <span class='ocrx_word' id='word_1_7' title='bbox 1256 202 1346 243; x_wconf 71' lang='grc'>1111.</span> 
     </span>
    </p>
   </div>
   <div class='ocr_carea' id='block_1_2' title="bbox 124 344 1345 2118">
    <p class='ocr_par' dir='ltr' id='par_1_2' title="bbox 124 344 1345 2118">
     <span class='ocr_line' id='line_1_2' title="bbox 124 344 1345 433; baseline 0.002 -22"><span class='ocrx_word' id='word_1_8' title='bbox 124 363 141 411; x_wconf 77' lang='lat' dir='ltr'>a</span> <span class='ocrx_word' id='word_1_9' title='bbox 250 346 328 411; x_wconf 91' lang='lat' dir='ltr'>Pari</span> <span class='ocrx_word' id='word_1_10' title='bbox 350 347 483 413; x_wconf 88' lang='lat' dir='ltr'>fortuna</span> <span class='ocrx_word' id='word_1_11' title='bbox 505 347 619 414; x_wconf 88' lang='lat' dir='ltr'>consul</span> <span class='ocrx_word' id='word_1_12' title='bbox 653 346 735 412; x_wconf 86' lang='lat' dir='ltr'>alter</span> <span class='ocrx_word' id='word_1_13' title='bbox 758 369 831 412; x_wconf 93' lang='lat' dir='ltr'>cum</span> <span class='ocrx_word' id='word_1_14' title='bbox 854 344 1046 433; x_wconf 85' lang='lat' dir='ltr'>Satricanis,</span> <span class='ocrx_word' id='word_1_15' title='bbox 1078 348 1134 432; x_wconf 91' lang='lat' dir='ltr'>qui</span> <span class='ocrx_word' id='word_1_16' title='bbox 1161 349 1249 413; x_wconf 87' lang='lat' dir='ltr'>cives</span> <span class='ocrx_word' id='word_1_17' title='bbox 1274 348 1345 414; x_wconf 89' lang='lat' dir='ltr'>Ro·</span> 
     </span>
     <span class='ocr_line' id='line_1_3' title="bbox 161 433 1342 521; baseline 0.002 -20"><span class='ocrx_word' id='word_1_18' title='bbox 161 436 250 501; x_wconf 88' lang='lat' dir='ltr'>mani</span> <span class='ocrx_word' id='word_1_19' title='bbox 276 439 353 521; x_wconf 87' lang='lat' dir='ltr'>post</span> <span class='ocrx_word' id='word_1_20' title='bbox 380 433 558 501; x_wconf 73' lang='lat' dir='ltr'>Caudinam</span> <span class='ocrx_word' id='word_1_21' title='bbox 589 435 715 500; x_wconf 85' lang='lat' dir='ltr'><strong>cladem</strong></span> <span class='ocrx_word' id='word_1_22' title='bbox 744 435 784 502; x_wconf 92' lang='lat' dir='ltr'>ad</span> <span class='ocrx_word' id='word_1_23' title='bbox 807 434 971 501; x_wconf 81' lang='lat' dir='ltr'><strong>Samnites</strong></span> <span class='ocrx_word' id='word_1_24' title='bbox 1000 436 1184 502; x_wconf 74' lang='lat' dir='ltr'>defecerant</span> <span class='ocrx_word' id='word_1_25' title='bbox 1214 439 1342 521; x_wconf 89' lang='lat' dir='ltr'>praesi-</span> 
     </span>
     <span class='ocr_line' id='line_1_4' title="bbox 126 524 1341 609; baseline 0.003 -20"><span class='ocrx_word' id='word_1_26' title='bbox 126 524 314 608; x_wconf 79' lang='lat' dir='ltr'>adiumque</span> <span class='ocrx_word' id='word_1_27' title='bbox 343 546 454 590; x_wconf 89' lang='lat' dir='ltr'>eorum</span> <span class='ocrx_word' id='word_1_28' title='bbox 485 526 518 589; x_wconf 89' lang='lat' dir='ltr'>in</span> <span class='ocrx_word' id='word_1_29' title='bbox 549 525 661 589; x_wconf 91' lang='lat' dir='ltr'>urbem</span> <span class='ocrx_word' id='word_1_30' title='bbox 686 529 891 608; x_wconf 74' lang='lat' dir='ltr'>acceperant,</span> <span class='ocrx_word' id='word_1_31' title='bbox 913 546 981 589; x_wconf 92' lang='lat' dir='ltr'>rem</span> <span class='ocrx_word' id='word_1_32' title='bbox 1005 526 1116 609; x_wconf 85' lang='lat' dir='ltr'>gessit.</span> <span class='ocrx_word' id='word_1_33' title='bbox 1160 547 1238 589; x_wconf 89' lang='lat' dir='ltr'>nam</span> <span class='ocrx_word' id='word_1_34' title='bbox 1264 548 1341 592; x_wconf 89' lang='lat' dir='ltr'>cum</span> 
     </span>
     <span class='ocr_line' id='line_1_5' title="bbox 163 611 1340 699; baseline 0.003 -23"><span class='ocrx_word' id='word_1_35' title='bbox 163 612 203 677; x_wconf 93' lang='lat' dir='ltr'>ad</span> <span class='ocrx_word' id='word_1_36' title='bbox 226 614 354 678; x_wconf 90' lang='lat' dir='ltr'>moenia</span> <span class='ocrx_word' id='word_1_37' title='bbox 378 611 495 678; x_wconf 80' lang='lat' dir='ltr'>Satrici</span> <span class='ocrx_word' id='word_1_38' title='bbox 527 614 677 678; x_wconf 85' lang='lat' dir='ltr'>admotus</span> <span class='ocrx_word' id='word_1_39' title='bbox 706 616 793 677; x_wconf 92' lang='lat' dir='ltr'>esset</span> <span class='ocrx_word' id='word_1_40' title='bbox 821 613 979 678; x_wconf 86' lang='lat' dir='ltr'>exercitus</span> <span class='ocrx_word' id='word_1_41' title='bbox 1009 614 1192 699; x_wconf 83' lang='lat' dir='ltr'>legatisque</span> <span class='ocrx_word' id='word_1_42' title='bbox 1225 615 1340 681; x_wconf 87' lang='lat' dir='ltr'>missis</span> 
     </span>
     <span class='ocr_line' id='line_1_6' title="bbox 161 700 1342 786; baseline 0.003 -20"><span class='ocrx_word' id='word_1_43' title='bbox 161 700 203 766; x_wconf 87' lang='lat' dir='ltr'>ad</span> <span class='ocrx_word' id='word_1_44' title='bbox 226 723 340 785; x_wconf 88' lang='lat' dir='ltr'>pacem</span> <span class='ocrx_word' id='word_1_45' title='bbox 363 724 434 767; x_wconf 92' lang='lat' dir='ltr'>cum</span> <span class='ocrx_word' id='word_1_46' title='bbox 455 702 605 786; x_wconf 87' lang='lat' dir='ltr'>precibus</span> <span class='ocrx_word' id='word_1_47' title='bbox 624 701 797 786; x_wconf 90' lang='lat' dir='ltr'>petendam</span> <span class='ocrx_word' id='word_1_48' title='bbox 816 703 909 766; x_wconf 88' lang='lat' dir='ltr'>triste</span> <span class='ocrx_word' id='word_1_49' title='bbox 929 723 1121 785; x_wconf 88' lang='lat' dir='ltr'>responsum</span> <span class='ocrx_word' id='word_1_50' title='bbox 1141 703 1182 767; x_wconf 92' lang='lat' dir='ltr'>ab</span> <span class='ocrx_word' id='word_1_51' title='bbox 1202 705 1342 769; x_wconf 90' lang='lat' dir='ltr'>consule</span> 
     </span>
     <span class='ocr_line' id='line_1_7' title="bbox 159 789 1339 876; baseline 0.003 -22"><span class='ocrx_word' id='word_1_52' title='bbox 159 789 319 855; x_wconf 86' lang='lat' dir='ltr'>redditum</span> <span class='ocrx_word' id='word_1_53' title='bbox 343 795 437 874; x_wconf 88' lang='lat' dir='ltr'>esset,</span> <span class='ocrx_word' id='word_1_54' title='bbox 460 791 524 855; x_wconf 87' lang='lat' dir='ltr'>nisi</span> <span class='ocrx_word' id='word_1_55' title='bbox 548 790 710 876; x_wconf 91' lang='lat' dir='ltr'>praesidio</span> <span class='ocrx_word' id='word_1_56' title='bbox 730 789 926 856; x_wconf 85' lang='lat' dir='ltr'>Samnitium</span> <span class='ocrx_word' id='word_1_57' title='bbox 944 791 1115 856; x_wconf 86' lang='lat' dir='ltr'>interfecto</span> <span class='ocrx_word' id='word_1_58' title='bbox 1135 796 1192 856; x_wconf 86' lang='lat' dir='ltr'>aut</span> <span class='ocrx_word' id='word_1_59' title='bbox 1212 793 1339 858; x_wconf 88' lang='lat' dir='ltr'>tradito</span> 
     </span>
     <span class='ocr_line' id='line_1_8' title="bbox 159 878 1340 963; baseline 0.003 -20"><span class='ocrx_word' id='word_1_60' title='bbox 159 901 200 943; x_wconf 91' lang='lat' dir='ltr'>ne</span> <span class='ocrx_word' id='word_1_61' title='bbox 224 878 265 944; x_wconf 90' lang='lat' dir='ltr'>ad</span> <span class='ocrx_word' id='word_1_62' title='bbox 289 901 323 944; x_wconf 89' lang='lat' dir='ltr'>se</span> <span class='ocrx_word' id='word_1_63' title='bbox 347 883 536 963; x_wconf 82' lang='lat' dir='ltr'>remearent,</span> <span class='ocrx_word' id='word_1_64' title='bbox 559 879 632 963; x_wconf 92' lang='lat' dir='ltr'>plus</span> <span class='ocrx_word' id='word_1_65' title='bbox 656 901 695 944; x_wconf 92' lang='lat' dir='ltr'>ea</span> <span class='ocrx_word' id='word_1_66' title='bbox 717 900 795 944; x_wconf 83' lang='lat' dir='ltr'>voce</span> <span class='ocrx_word' id='word_1_67' title='bbox 819 902 917 963; x_wconf 89' lang='lat' dir='ltr'>quam</span> <span class='ocrx_word' id='word_1_68' title='bbox 940 880 1039 944; x_wconf 89' lang='lat' dir='ltr'>armis</span> <span class='ocrx_word' id='word_1_69' title='bbox 1062 880 1176 945; x_wconf 86' lang='lat' dir='ltr'>inlatis</span> <span class='ocrx_word' id='word_1_70' title='bbox 1198 883 1340 946; x_wconf 91' lang='lat' dir='ltr'>terroris</span> 
     </span>
     <span class='ocr_line' id='line_1_9' title="bbox 124 968 1340 1053; baseline 0.002 -22"><span class='ocrx_word' id='word_1_71' title='bbox 124 984 142 1031; x_wconf 83' lang='grc'>4</span> <span class='ocrx_word' id='word_1_72' title='bbox 161 968 285 1033; x_wconf 89' lang='lat' dir='ltr'>colonis</span> <span class='ocrx_word' id='word_1_73' title='bbox 299 968 464 1032; x_wconf 91' lang='lat' dir='ltr'>iniectum.</span> <span class='ocrx_word' id='word_1_74' title='bbox 501 969 611 1053; x_wconf 88' lang='lat' dir='ltr'>itaque</span> <span class='ocrx_word' id='word_1_75' title='bbox 630 968 766 1033; x_wconf 84' lang='lat' dir='ltr'>subinde</span> <span class='ocrx_word' id='word_1_76' title='bbox 785 972 1006 1053; x_wconf 88' lang='lat' dir='ltr'>exsequuntur</span> <span class='ocrx_word' id='word_1_77' title='bbox 1025 968 1209 1052; x_wconf 90' lang='lat' dir='ltr'>quaerendo</span> <span class='ocrx_word' id='word_1_78' title='bbox 1225 992 1245 1033; x_wconf 89' lang='lat' dir='ltr'>a</span> <span class='ocrx_word' id='word_1_79' title='bbox 1260 991 1340 1036; x_wconf 90' lang='lat' dir='ltr'>con-</span> 
     </span>
     <span class='ocr_line' id='line_1_10' title="bbox 161 1056 1339 1143; baseline 0.002 -22"><span class='ocrx_word' id='word_1_80' title='bbox 161 1056 231 1121; x_wconf 90' lang='lat' dir='ltr'>sule</span> <span class='ocrx_word' id='word_1_81' title='bbox 254 1056 366 1140; x_wconf 84' lang='lat' dir='ltr'>legati,</span> <span class='ocrx_word' id='word_1_82' title='bbox 389 1079 530 1142; x_wconf 91' lang='lat' dir='ltr'>quonam</span> <span class='ocrx_word' id='word_1_83' title='bbox 551 1079 584 1122; x_wconf 89' lang='lat' dir='ltr'>se</span> <span class='ocrx_word' id='word_1_84' title='bbox 603 1060 700 1140; x_wconf 88' lang='lat' dir='ltr'>pacto</span> <span class='ocrx_word' id='word_1_85' title='bbox 721 1078 841 1140; x_wconf 88' lang='lat' dir='ltr'>paucos</span> <span class='ocrx_word' id='word_1_86' title='bbox 861 1062 892 1120; x_wconf 89' lang='lat' dir='ltr'>et</span> <span class='ocrx_word' id='word_1_87' title='bbox 911 1057 1059 1121; x_wconf 86' lang='lat' dir='ltr'>infirmos</span> <span class='ocrx_word' id='word_1_88' title='bbox 1078 1057 1224 1122; x_wconf 85' lang='lat' dir='ltr'>crederet</span> <span class='ocrx_word' id='word_1_89' title='bbox 1241 1081 1339 1143; x_wconf 91' lang='lat' dir='ltr'>prae·</span> 
     </span>
     <span class='ocr_line' id='line_1_11' title="bbox 161 1144 1339 1213; baseline 0.002 -3"><span class='ocrx_word' id='word_1_90' title='bbox 161 1144 242 1210; x_wconf 89' lang='lat' dir='ltr'>sidio</span> <span class='ocrx_word' id='word_1_91' title='bbox 266 1150 337 1210; x_wconf 84' lang='lat' dir='ltr'>tam</span> <span class='ocrx_word' id='word_1_92' title='bbox 357 1145 465 1210; x_wconf 83' lang='lat' dir='ltr'>valido</span> <span class='ocrx_word' id='word_1_93' title='bbox 485 1150 518 1209; x_wconf 89' lang='lat' dir='ltr'>et</span> <span class='ocrx_word' id='word_1_94' title='bbox 536 1150 661 1211; x_wconf 87' lang='lat' dir='ltr'>armato</span> <span class='ocrx_word' id='word_1_95' title='bbox 681 1146 747 1210; x_wconf 81' lang='lat' dir='ltr'>vim</span> <span class='ocrx_word' id='word_1_96' title='bbox 767 1145 940 1210; x_wconf 87' lang='lat' dir='ltr'>adlaturos.</span> <span class='ocrx_word' id='word_1_97' title='bbox 978 1146 1019 1210; x_wconf 88' lang='lat' dir='ltr'>ab</span> <span class='ocrx_word' id='word_1_98' title='bbox 1039 1146 1141 1210; x_wconf 87' lang='lat' dir='ltr'>isdem</span> <span class='ocrx_word' id='word_1_99' title='bbox 1161 1147 1339 1213; x_wconf 90' lang='lat' dir='ltr'>consilium</span> 
     </span>
     <span class='ocr_line' id='line_1_12' title="bbox 160 1233 1338 1320; baseline 0.004 -24"><span class='ocrx_word' id='word_1_100' title='bbox 160 1237 270 1316; x_wconf 86' lang='lat' dir='ltr'>petere</span> <span class='ocrx_word' id='word_1_101' title='bbox 292 1233 386 1317; x_wconf 89' lang='lat' dir='ltr'>iussi,</span> <span class='ocrx_word' id='word_1_102' title='bbox 414 1235 531 1318; x_wconf 90' lang='lat' dir='ltr'>quibus</span> <span class='ocrx_word' id='word_1_103' title='bbox 559 1235 745 1300; x_wconf 89' lang='lat' dir='ltr'>auctoribus</span> <span class='ocrx_word' id='word_1_104' title='bbox 773 1234 970 1317; x_wconf 88' lang='lat' dir='ltr'>praesidium</span> <span class='ocrx_word' id='word_1_105' title='bbox 999 1235 1033 1298; x_wconf 92' lang='lat' dir='ltr'>in</span> <span class='ocrx_word' id='word_1_106' title='bbox 1055 1235 1168 1299; x_wconf 91' lang='lat' dir='ltr'>urbem</span> <span class='ocrx_word' id='word_1_107' title='bbox 1193 1238 1338 1320; x_wconf 88' lang='lat' dir='ltr'>accepis·</span> 
     </span>
     <span class='ocr_line' id='line_1_13' title="bbox 125 1322 1340 1409; baseline 0.003 -23"><span class='ocrx_word' id='word_1_108' title='bbox 125 1337 142 1386; x_wconf 75' lang='lat' dir='ltr'>o</span> <span class='ocrx_word' id='word_1_109' title='bbox 163 1325 246 1404; x_wconf 83' lang='lat' dir='ltr'>sent,</span> <span class='ocrx_word' id='word_1_110' title='bbox 269 1322 438 1387; x_wconf 88' lang='lat' dir='ltr'>discedunt</span> <span class='ocrx_word' id='word_1_111' title='bbox 456 1345 615 1409; x_wconf 83' lang='lat' dir='ltr'>aegreque</span> <span class='ocrx_word' id='word_1_112' title='bbox 629 1324 812 1407; x_wconf 87' lang='lat' dir='ltr'>impetrato,</span> <span class='ocrx_word' id='word_1_113' title='bbox 835 1327 873 1387; x_wconf 88' lang='lat' dir='ltr'>ut</span> <span class='ocrx_word' id='word_1_114' title='bbox 887 1323 926 1386; x_wconf 92' lang='lat' dir='ltr'>de</span> <span class='ocrx_word' id='word_1_115' title='bbox 941 1345 978 1386; x_wconf 93' lang='lat' dir='ltr'>ea</span> <span class='ocrx_word' id='word_1_116' title='bbox 993 1344 1028 1387; x_wconf 94' lang='lat' dir='ltr'>re</span> <span class='ocrx_word' id='word_1_117' title='bbox 1043 1323 1170 1388; x_wconf 89' lang='lat' dir='ltr'>consuli</span> <span class='ocrx_word' id='word_1_118' title='bbox 1186 1329 1340 1390; x_wconf 89' lang='lat' dir='ltr'>senatum</span> 
     </span>
     <span class='ocr_line' id='line_1_14' title="bbox 125 1411 1338 1496; baseline 0.002 -20"><span class='ocrx_word' id='word_1_119' title='bbox 125 1427 141 1476; x_wconf 84' lang='lat' dir='ltr'>o</span> <span class='ocrx_word' id='word_1_120' title='bbox 162 1431 382 1496; x_wconf 86' lang='lat' dir='ltr'>responsaque</span> <span class='ocrx_word' id='word_1_121' title='bbox 405 1411 446 1476; x_wconf 89' lang='lat' dir='ltr'>ad</span> <span class='ocrx_word' id='word_1_122' title='bbox 470 1434 504 1477; x_wconf 91' lang='lat' dir='ltr'>se</span> <span class='ocrx_word' id='word_1_123' title='bbox 527 1413 641 1477; x_wconf 85' lang='lat' dir='ltr'>referri</span> <span class='ocrx_word' id='word_1_124' title='bbox 665 1413 792 1494; x_wconf 90' lang='lat' dir='ltr'>sineret,</span> <span class='ocrx_word' id='word_1_125' title='bbox 816 1411 856 1476; x_wconf 92' lang='lat' dir='ltr'>ad</span> <span class='ocrx_word' id='word_1_126' title='bbox 880 1433 955 1476; x_wconf 88' lang='lat' dir='ltr'>suos</span> <span class='ocrx_word' id='word_1_127' title='bbox 979 1412 1123 1476; x_wconf 86' lang='lat' dir='ltr'>redeunt.</span> <span class='ocrx_word' id='word_1_128' title='bbox 1161 1413 1244 1478; x_wconf 91' lang='lat' dir='ltr'>duae</span> <span class='ocrx_word' id='word_1_129' title='bbox 1267 1413 1338 1479; x_wconf 88' lang='lat' dir='ltr'>fac-</span> 
     </span>
     <span class='ocr_line' id='line_1_15' title="bbox 160 1499 1340 1585; baseline 0.003 -22"><span class='ocrx_word' id='word_1_130' title='bbox 160 1499 265 1564; x_wconf 87' lang='lat' dir='ltr'>tiones</span> <span class='ocrx_word' id='word_1_131' title='bbox 285 1504 433 1565; x_wconf 91' lang='lat' dir='ltr'>senatum</span> <span class='ocrx_word' id='word_1_132' title='bbox 453 1501 661 1584; x_wconf 86' lang='lat' dir='ltr'>distinebant,</span> <span class='ocrx_word' id='word_1_133' title='bbox 684 1524 757 1583; x_wconf 89' lang='lat' dir='ltr'>una,</span> <span class='ocrx_word' id='word_1_134' title='bbox 782 1501 872 1565; x_wconf 88' lang='lat' dir='ltr'>cuius</span> <span class='ocrx_word' id='word_1_135' title='bbox 893 1501 1054 1585; x_wconf 90' lang='lat' dir='ltr'>principes</span> <span class='ocrx_word' id='word_1_136' title='bbox 1076 1504 1168 1565; x_wconf 90' lang='lat' dir='ltr'>erant</span> <span class='ocrx_word' id='word_1_137' title='bbox 1182 1500 1340 1567; x_wconf 84' lang='lat' dir='ltr'>defectio·</span> 
     </span>
     <span class='ocr_line' id='line_1_16' title="bbox 160 1588 1340 1673; baseline 0.003 -21"><span class='ocrx_word' id='word_1_138' title='bbox 160 1588 212 1652; x_wconf 92' lang='lat' dir='ltr'>nis</span> <span class='ocrx_word' id='word_1_139' title='bbox 237 1611 256 1653; x_wconf 94' lang='lat' dir='ltr'>a</span> <span class='ocrx_word' id='word_1_140' title='bbox 278 1590 400 1673; x_wconf 88' lang='lat' dir='ltr'>populo</span> <span class='ocrx_word' id='word_1_141' title='bbox 430 1589 578 1655; x_wconf 88' lang='lat' dir='ltr'>Romano</span> <span class='ocrx_word' id='word_1_142' title='bbox 607 1594 769 1673; x_wconf 85' lang='lat' dir='ltr'>auctores,</span> <span class='ocrx_word' id='word_1_143' title='bbox 797 1590 901 1654; x_wconf 90' lang='lat' dir='ltr'>altera</span> <span class='ocrx_word' id='word_1_144' title='bbox 930 1588 1073 1653; x_wconf 88' lang='lat' dir='ltr'>fidelium</span> <span class='ocrx_word' id='word_1_145' title='bbox 1098 1589 1225 1654; x_wconf 88' lang='lat' dir='ltr'>civium.</span> <span class='ocrx_word' id='word_1_146' title='bbox 1267 1613 1340 1656; x_wconf 91' lang='lat' dir='ltr'>cer·</span> 
     </span>
     <span class='ocr_line' id='line_1_17' title="bbox 162 1677 1341 1762; baseline 0.003 -22"><span class='ocrx_word' id='word_1_147' title='bbox 162 1679 267 1741; x_wconf 86' lang='lat' dir='ltr'>tatum</span> <span class='ocrx_word' id='word_1_148' title='bbox 300 1678 341 1741; x_wconf 94' lang='lat' dir='ltr'>ab</span> <span class='ocrx_word' id='word_1_149' title='bbox 373 1679 519 1761; x_wconf 88' lang='lat' dir='ltr'>utrisque</span> <span class='ocrx_word' id='word_1_150' title='bbox 546 1682 657 1743; x_wconf 90' lang='lat' dir='ltr'>tamen</span> <span class='ocrx_word' id='word_1_151' title='bbox 686 1683 748 1762; x_wconf 87' lang='lat' dir='ltr'>est,</span> <span class='ocrx_word' id='word_1_152' title='bbox 780 1681 817 1741; x_wconf 88' lang='lat' dir='ltr'>ut</span> <span class='ocrx_word' id='word_1_153' title='bbox 849 1677 889 1741; x_wconf 92' lang='lat' dir='ltr'>ad</span> <span class='ocrx_word' id='word_1_154' title='bbox 919 1678 1191 1743; x_wconf 91' lang='lat' dir='ltr'>reconciliandam</span> <span class='ocrx_word' id='word_1_155' title='bbox 1221 1700 1341 1762; x_wconf 90' lang='lat' dir='ltr'>pacem</span> 
     </span>
     <span class='ocr_line' id='line_1_18' title="bbox 127 1765 1340 1850; baseline 0.002 -20"><span class='ocrx_word' id='word_1_156' title='bbox 127 1782 142 1830; x_wconf 78' lang='grc'>1</span> <span class='ocrx_word' id='word_1_157' title='bbox 163 1765 289 1830; x_wconf 90' lang='lat' dir='ltr'>consuli</span> <span class='ocrx_word' id='word_1_158' title='bbox 312 1787 411 1849; x_wconf 90' lang='lat' dir='ltr'>opera</span> <span class='ocrx_word' id='word_1_159' title='bbox 432 1770 615 1831; x_wconf 89' lang='lat' dir='ltr'>navarctur.</span> <span class='ocrx_word' id='word_1_160' title='bbox 659 1788 736 1850; x_wconf 90' lang='lat' dir='ltr'>pars</span> <span class='ocrx_word' id='word_1_161' title='bbox 760 1766 871 1847; x_wconf 89' lang='lat' dir='ltr'>altera,</span> <span class='ocrx_word' id='word_1_162' title='bbox 894 1788 967 1831; x_wconf 92' lang='lat' dir='ltr'>cum</span> <span class='ocrx_word' id='word_1_163' title='bbox 990 1767 1186 1850; x_wconf 89' lang='lat' dir='ltr'>praesidium</span> <span class='ocrx_word' id='word_1_164' title='bbox 1209 1765 1340 1832; x_wconf 83' lang='lat' dir='ltr'>Samni·</span> 
     </span>
     <span class='ocr_line' id='line_1_19' title="bbox 161 1853 1341 1941; baseline 0.003 -23"><span class='ocrx_word' id='word_1_165' title='bbox 161 1853 255 1935; x_wconf 88' lang='lat' dir='ltr'>tium,</span> <span class='ocrx_word' id='word_1_166' title='bbox 279 1853 355 1937; x_wconf 91' lang='lat' dir='ltr'>quia</span> <span class='ocrx_word' id='word_1_167' title='bbox 368 1854 451 1918; x_wconf 89' lang='lat' dir='ltr'>nihil</span> <span class='ocrx_word' id='word_1_168' title='bbox 466 1855 547 1918; x_wconf 86' lang='lat' dir='ltr'>satis</span> <span class='ocrx_word' id='word_1_169' title='bbox 561 1855 747 1939; x_wconf 87' lang='lat' dir='ltr'>praeparati</span> <span class='ocrx_word' id='word_1_170' title='bbox 767 1857 838 1918; x_wconf 89' lang='lat' dir='ltr'>erat</span> <span class='ocrx_word' id='word_1_171' title='bbox 853 1854 892 1918; x_wconf 91' lang='lat' dir='ltr'>ad</span> <span class='ocrx_word' id='word_1_172' title='bbox 907 1855 1110 1919; x_wconf 91' lang='lat' dir='ltr'>obsidionem</span> <span class='ocrx_word' id='word_1_173' title='bbox 1123 1856 1341 1941; x_wconf 89' lang='lat' dir='ltr'>tolerandam,</span> 
     </span>
     <span class='ocr_line' id='line_1_20' title="bbox 162 1943 1341 2029; baseline 0.003 -24"><span class='ocrx_word' id='word_1_174' title='bbox 162 1962 369 2005; x_wconf 87' lang='lat' dir='ltr'>excessurum</span> <span class='ocrx_word' id='word_1_175' title='bbox 387 1943 535 2026; x_wconf 85' lang='lat' dir='ltr'>proxima</span> <span class='ocrx_word' id='word_1_176' title='bbox 553 1946 648 2007; x_wconf 89' lang='lat' dir='ltr'>nocte</span> <span class='ocrx_word' id='word_1_177' title='bbox 667 1945 762 2025; x_wconf 75' lang='lat' dir='ltr'>esset,</span> <span class='ocrx_word' id='word_1_178' title='bbox 785 1944 955 2007; x_wconf 87' lang='lat' dir='ltr'>enuntiare</span> <span class='ocrx_word' id='word_1_179' title='bbox 974 1944 1099 2008; x_wconf 88' lang='lat' dir='ltr'>consuli</span> <span class='ocrx_word' id='word_1_180' title='bbox 1114 1944 1194 2008; x_wconf 89' lang='lat' dir='ltr'>satis</span> <span class='ocrx_word' id='word_1_181' title='bbox 1209 1943 1341 2029; x_wconf 89' lang='lat' dir='ltr'>habuit,</span> 
     </span>
     <span class='ocr_line' id='line_1_21' title="bbox 162 2031 1341 2118; baseline 0.004 -25"><span class='ocrx_word' id='word_1_182' title='bbox 162 2050 225 2113; x_wconf 90' lang='lat' dir='ltr'>qua</span> <span class='ocrx_word' id='word_1_183' title='bbox 256 2031 361 2095; x_wconf 89' lang='lat' dir='ltr'>noctis</span> <span class='ocrx_word' id='word_1_184' title='bbox 389 2031 470 2095; x_wconf 89' lang='lat' dir='ltr'>hora</span> <span class='ocrx_word' id='word_1_185' title='bbox 500 2054 627 2117; x_wconf 91' lang='lat' dir='ltr'>quaque</span> <span class='ocrx_word' id='word_1_186' title='bbox 657 2034 753 2115; x_wconf 90' lang='lat' dir='ltr'>porta</span> <span class='ocrx_word' id='word_1_187' title='bbox 781 2035 814 2095; x_wconf 88' lang='lat' dir='ltr'>et</span> <span class='ocrx_word' id='word_1_188' title='bbox 842 2052 939 2114; x_wconf 90' lang='lat' dir='ltr'>quam</span> <span class='ocrx_word' id='word_1_189' title='bbox 967 2033 1000 2095; x_wconf 94' lang='lat' dir='ltr'>in</span> <span class='ocrx_word' id='word_1_190' title='bbox 1027 2032 1114 2097; x_wconf 86' lang='lat' dir='ltr'>viam</span> <span class='ocrx_word' id='word_1_191' title='bbox 1144 2053 1341 2118; x_wconf 80' lang='lat' dir='ltr'>egressurus</span> 
     </span>
    </p>
   </div>
   <div class='ocr_carea' id='block_1_3' title="bbox 163 2257 1341 2399">
    <p class='ocr_par' dir='ltr' id='par_1_3' title="bbox 163 2257 1341 2399">
     <span class='ocr_line' id='line_1_22' title="bbox 164 2257 1341 2328; baseline 0.003 -17"><span class='ocrx_word' id='word_1_192' title='bbox 164 2258 189 2326; x_wconf 77' lang='lat'>7,</span> <span class='ocrx_word' id='word_1_193' title='bbox 210 2262 234 2326; x_wconf 84' lang='grc' dir='ltr'>ὁ,</span> <span class='ocrx_word' id='word_1_194' title='bbox 254 2263 289 2313; x_wconf 77' lang='lat'>27</span> <span class='ocrx_word' id='word_1_195' title='bbox 308 2259 346 2314; x_wconf 81' lang='lat' dir='ltr'>ad</span> <span class='ocrx_word' id='word_1_196' title='bbox 363 2259 469 2328; x_wconf 79' lang='lat' dir='ltr'>reliqna</span> <span class='ocrx_word' id='word_1_197' title='bbox 489 2259 553 2314; x_wconf 81' lang='lat' dir='ltr'>belii</span> <span class='ocrx_word' id='word_1_198' title='bbox 570 2265 721 2316; x_wconf 74' lang='grc'>1111101111</span> <span class='ocrx_word' id='word_1_199' title='bbox 774 2257 948 2328; x_wconf 76' lang='lat' dir='ltr'>Erabhlung:</span> <span class='ocrx_word' id='word_1_200' title='bbox 974 2259 1014 2313; x_wconf 90' lang='lat' dir='ltr'>sie</span> <span class='ocrx_word' id='word_1_201' title='bbox 1037 2259 1169 2314; x_wconf 89' lang='lat' dir='ltr'>kommen</span> <span class='ocrx_word' id='word_1_202' title='bbox 1194 2258 1249 2313; x_wconf 90' lang='lat' dir='ltr'>mit</span> <span class='ocrx_word' id='word_1_203' title='bbox 1272 2261 1341 2314; x_wconf 87' lang='lat' dir='ltr'>dem</span> 
     </span>
     <span class='ocr_line' id='line_1_23' title="bbox 163 2329 1305 2399; baseline 0.001 -15"><span class='ocrx_word' id='word_1_204' title='bbox 163 2345 273 2399; x_wconf 86' lang='lat' dir='ltr'>operam</span> <span class='ocrx_word' id='word_1_205' title='bbox 288 2331 499 2399; x_wconf 74' lang='lat' dir='ltr'>pollicebantur.</span> <span class='ocrx_word' id='word_1_206' title='bbox 774 2329 929 2383; x_wconf 90' lang='lat' dir='ltr'>Bescbeide</span> <span class='ocrx_word' id='word_1_207' title='bbox 949 2330 1042 2399; x_wconf 83' lang='lat' dir='ltr'>(insci)</span> <span class='ocrx_word' id='word_1_208' title='bbox 1061 2331 1155 2385; x_wconf 82' lang='lat' dir='ltr'>daron</span> <span class='ocrx_word' id='word_1_209' title='bbox 1170 2370 1176 2384; x_wconf 93' lang='lat'>.</span> <span class='ocrx_word' id='word_1_210' title='bbox 1193 2372 1199 2385; x_wconf 89' lang='lat'>.</span> <span class='ocrx_word' id='word_1_211' title='bbox 1215 2374 1220 2385; x_wconf 94' lang='lat'>.</span> <span class='ocrx_word' id='word_1_212' title='bbox 1237 2331 1305 2386; x_wconf 90' lang='lat' dir='ltr'>und.</span> 
     </span>
    </p>
   </div>
   <div class='ocr_carea' id='block_1_4' title="bbox 88 2407 1342 3262">
    <p class='ocr_par' dir='ltr' id='par_1_4' title="bbox 161 2407 1342 2691">
     <span class='ocr_line' id='line_1_24' title="bbox 197 2407 1342 2481; baseline 0.005 -20"><span class='ocrx_word' id='word_1_213' title='bbox 197 2407 371 2479; x_wconf 77' lang='lat' dir='ltr'>Frepeilanic</span> <span class='ocrx_word' id='word_1_214' title='bbox 406 2410 448 2463; x_wconf 92' lang='lat' dir='ltr'>Im</span> <span class='ocrx_word' id='word_1_215' title='bbox 471 2410 720 2481; x_wconf 79' lang='lat' dir='ltr'>vorhergehenden</span> <span class='ocrx_word' id='word_1_216' title='bbox 810 2416 836 2464; x_wconf 76' lang='grc' dir='ltr'>ὁ.</span> <span class='ocrx_word' id='word_1_217' title='bbox 859 2410 1016 2481; x_wconf 82' lang='lat' dir='ltr'>impetrato]</span> <span class='ocrx_word' id='word_1_218' title='bbox 1036 2435 1070 2454; x_wconf 92' lang='lat'><em>=</em></span> <span class='ocrx_word' id='word_1_219' title='bbox 1090 2427 1151 2465; x_wconf 82' lang='lat' dir='ltr'>eam</span> <span class='ocrx_word' id='word_1_220' title='bbox 1173 2428 1192 2465; x_wconf 85' lang='lat' dir='ltr'>a</span> <span class='ocrx_word' id='word_1_221' title='bbox 1215 2411 1342 2480; x_wconf 80' lang='lat' dir='ltr'>Papirio</span> 
     </span>
     <span class='ocr_line' id='line_1_25' title="bbox 161 2477 1339 2550; baseline 0.002 -16"><span class='ocrx_word' id='word_1_222' title='bbox 161 2477 247 2534; x_wconf 85' lang='lat' dir='ltr'>Jahre</span> <span class='ocrx_word' id='word_1_223' title='bbox 271 2496 330 2534; x_wconf 86' lang='lat' dir='ltr'>war</span> <span class='ocrx_word' id='word_1_224' title='bbox 374 2480 497 2550; x_wconf 85' lang='lat' dir='ltr'>regellae</span> <span class='ocrx_word' id='word_1_225' title='bbox 519 2499 575 2536; x_wconf 83' lang='lat' dir='ltr'>von</span> <span class='ocrx_word' id='word_1_226' title='bbox 594 2481 720 2536; x_wconf 89' lang='lat' dir='ltr'>samniti·</span> <span class='ocrx_word' id='word_1_227' title='bbox 773 2483 1004 2549; x_wconf 77' lang='lat' dir='ltr'>impetravissent3</span> <span class='ocrx_word' id='word_1_228' title='bbox 1025 2481 1339 2550; x_wconf 83' lang='lat' dir='ltr'>vgl.Kap.30‚10.-</span> 
     </span>
     <span class='ocr_line' id='line_1_26' title="bbox 161 2548 1339 2622; baseline 0.005 -18"><span class='ocrx_word' id='word_1_229' title='bbox 161 2549 246 2604; x_wconf 84' lang='lat' dir='ltr'>seben</span> <span class='ocrx_word' id='word_1_230' title='bbox 261 2548 496 2622; x_wconf 80' lang='lat' dir='ltr'>Eindringlingen</span> <span class='ocrx_word' id='word_1_231' title='bbox 510 2553 617 2608; x_wconf 85' lang='lat' dir='ltr'>besetzt</span> <span class='ocrx_word' id='word_1_232' title='bbox 630 2571 655 2606; x_wconf 93' lang='lat' dir='ltr'>u.</span> <span class='ocrx_word' id='word_1_233' title='bbox 671 2553 721 2608; x_wconf 88' lang='lat' dir='ltr'>der</span> <span class='ocrx_word' id='word_1_234' title='bbox 774 2550 831 2606; x_wconf 86' lang='lat' dir='ltr'>Das</span> <span class='ocrx_word' id='word_1_235' title='bbox 859 2552 956 2605; x_wconf 81' lang='lat' dir='ltr'>Neutr.</span> <span class='ocrx_word' id='word_1_236' title='bbox 984 2551 1060 2606; x_wconf 88' lang='lat' dir='ltr'>Part.</span> <span class='ocrx_word' id='word_1_237' title='bbox 1087 2552 1160 2606; x_wconf 88' lang='lat' dir='ltr'>Perf.</span> <span class='ocrx_word' id='word_1_238' title='bbox 1184 2553 1262 2607; x_wconf 86' lang='lat' dir='ltr'>steht</span> <span class='ocrx_word' id='word_1_239' title='bbox 1290 2554 1339 2610; x_wconf 87' lang='lat' dir='ltr'>bei</span> 
     </span>
     <span class='ocr_line' id='line_1_27' title="bbox 161 2621 1338 2691; baseline 0.004 -17"><span class='ocrx_word' id='word_1_240' title='bbox 161 2621 283 2675; x_wconf 73' lang='lat' dir='ltr'>romiecb</span> <span class='ocrx_word' id='word_1_241' title='bbox 293 2621 423 2691; x_wconf 84' lang='lat' dir='ltr'>gesinnte</span> <span class='ocrx_word' id='word_1_242' title='bbox 434 2622 496 2678; x_wconf 87' lang='lat' dir='ltr'>Teil</span> <span class='ocrx_word' id='word_1_243' title='bbox 504 2625 554 2678; x_wconf 87' lang='lat' dir='ltr'>der</span> <span class='ocrx_word' id='word_1_244' title='bbox 564 2623 720 2679; x_wconf 88' lang='lat' dir='ltr'>Bewohner</span> <span class='ocrx_word' id='word_1_245' title='bbox 773 2622 869 2678; x_wconf 87' lang='lat' dir='ltr'>Livius</span> <span class='ocrx_word' id='word_1_246' title='bbox 892 2623 935 2677; x_wconf 78' lang='lat' dir='ltr'>oft</span> <span class='ocrx_word' id='word_1_247' title='bbox 956 2623 987 2677; x_wconf 88' lang='lat' dir='ltr'>in</span> <span class='ocrx_word' id='word_1_248' title='bbox 1009 2623 1215 2677; x_wconf 85' lang='lat' dir='ltr'>unklassischer</span> <span class='ocrx_word' id='word_1_249' title='bbox 1238 2625 1338 2680; x_wconf 88' lang='lat' dir='ltr'>Weise</span> 
     </span>
    </p>

    <p class='ocr_par' dir='ltr' id='par_1_5' title="bbox 88 2692 1339 3262">
     <span class='ocr_line' id='line_1_28' title="bbox 88 2692 1339 2766; baseline 0.002 -19"><span class='ocrx_word' id='word_1_250' title='bbox 88 2715 94 2730; x_wconf 74' lang='lat'><strong><em>¹</em></strong></span> <span class='ocrx_word' id='word_1_251' title='bbox 160 2692 321 2749; x_wconf 85' lang='lat' dir='ltr'>vertrieben</span> <span class='ocrx_word' id='word_1_252' title='bbox 358 2695 425 2749; x_wconf 89' lang='lat' dir='ltr'>oder</span> <span class='ocrx_word' id='word_1_253' title='bbox 460 2696 572 2766; x_wconf 78' lang='lat' dir='ltr'>getbtet</span> <span class='ocrx_word' id='word_1_254' title='bbox 606 2695 719 2750; x_wconf 85' lang='lat' dir='ltr'>worden</span> <span class='ocrx_word' id='word_1_255' title='bbox 773 2696 816 2749; x_wconf 89' lang='lat' dir='ltr'>als</span> <span class='ocrx_word' id='word_1_256' title='bbox 843 2693 906 2749; x_wconf 83' lang='lat' dir='ltr'>Abl.</span> <span class='ocrx_word' id='word_1_257' title='bbox 932 2693 1036 2760; x_wconf 88' lang='lat' dir='ltr'>absol.;</span> <span class='ocrx_word' id='word_1_258' title='bbox 1064 2694 1200 2748; x_wconf 83' lang='lat' dir='ltr'>auweilen</span> <span class='ocrx_word' id='word_1_259' title='bbox 1223 2693 1263 2748; x_wconf 85' lang='lat' dir='ltr'>iet</span> <span class='ocrx_word' id='word_1_260' title='bbox 1288 2695 1339 2750; x_wconf 92' lang='lat' dir='ltr'>ein</span> 
     </span>
     <span class='ocr_line' id='line_1_29' title="bbox 161 2763 1338 2835; baseline 0.003 -17"><span class='ocrx_word' id='word_1_261' title='bbox 161 2764 243 2835; x_wconf 86' lang='lat' dir='ltr'>&lt;Kap.</span> <span class='ocrx_word' id='word_1_262' title='bbox 265 2770 311 2832; x_wconf 76' lang='lat'>12,</span> <span class='ocrx_word' id='word_1_263' title='bbox 330 2767 366 2834; x_wconf 82' lang='lat'>5).</span> <span class='ocrx_word' id='word_1_264' title='bbox 773 2765 933 2819; x_wconf 82' lang='lat' dir='ltr'>Nebensata</span> <span class='ocrx_word' id='word_1_265' title='bbox 947 2765 1001 2818; x_wconf 89' lang='lat' dir='ltr'>mit</span> <span class='ocrx_word' id='word_1_266' title='bbox 1014 2772 1046 2820; x_wconf 81' lang='grc'>111</span> <span class='ocrx_word' id='word_1_267' title='bbox 1060 2765 1128 2820; x_wconf 83' lang='lat' dir='ltr'>eder·</span> <span class='ocrx_word' id='word_1_268' title='bbox 1144 2781 1178 2820; x_wconf 87' lang='lat' dir='ltr'>ne</span> <span class='ocrx_word' id='word_1_269' title='bbox 1192 2763 1338 2834; x_wconf 84' lang='lat' dir='ltr'>logieches</span> 
     </span>
     <span class='ocr_line' id='line_1_30' title="bbox 195 2835 1338 2908; baseline 0.001 -17"><span class='ocrx_word' id='word_1_270' title='bbox 195 2837 311 2908; x_wconf 82' lang='lat' dir='ltr'>acecpit]</span> <span class='ocrx_word' id='word_1_271' title='bbox 347 2836 399 2892; x_wconf 89' lang='lat' dir='ltr'>Die</span> <span class='ocrx_word' id='word_1_272' title='bbox 430 2837 635 2907; x_wconf 83' lang='lat' dir='ltr'>Bedingungen</span> <span class='ocrx_word' id='word_1_273' title='bbox 670 2836 720 2890; x_wconf 87' lang='lat' dir='ltr'>der</span> <span class='ocrx_word' id='word_1_274' title='bbox 774 2835 895 2906; x_wconf 79' lang='lat' dir='ltr'>SubJ&#39;elrt</span> <span class='ocrx_word' id='word_1_275' title='bbox 913 2836 983 2890; x_wconf 82' lang='lat' dir='ltr'>daau</span> <span class='ocrx_word' id='word_1_276' title='bbox 1007 2836 1045 2905; x_wconf 74' lang='grc' dir='ltr'>(ὅ,</span> <span class='ocrx_word' id='word_1_277' title='bbox 1070 2842 1111 2903; x_wconf 78' lang='grc'>10,</span> <span class='ocrx_word' id='word_1_278' title='bbox 1131 2841 1147 2889; x_wconf 78' lang='grc'>9</span> <span class='ocrx_word' id='word_1_279' title='bbox 1166 2837 1268 2903; x_wconf 82' lang='lat' dir='ltr'>edicto,</span> <span class='ocrx_word' id='word_1_280' title='bbox 1286 2853 1338 2902; x_wconf 85' lang='lat' dir='ltr'>ne,·</span> 
     </span>
     <span class='ocr_line' id='line_1_31' title="bbox 161 2906 1337 2977; baseline 0 -16"><span class='ocrx_word' id='word_1_281' title='bbox 161 2907 263 2961; x_wconf 80' lang='lat' dir='ltr'>deditio</span> <span class='ocrx_word' id='word_1_282' title='bbox 286 2912 398 2962; x_wconf 77' lang='lat' dir='ltr'>mussan</span> <span class='ocrx_word' id='word_1_283' title='bbox 420 2908 493 2963; x_wconf 90' lang='lat' dir='ltr'>nach</span> <span class='ocrx_word' id='word_1_284' title='bbox 520 2909 584 2961; x_wconf 90' lang='lat' dir='ltr'>dem</span> <span class='ocrx_word' id='word_1_285' title='bbox 612 2906 720 2977; x_wconf 85' lang='lat' dir='ltr'>Vorge·</span> <span class='ocrx_word' id='word_1_286' title='bbox 773 2906 805 2973; x_wconf 82' lang='grc'>0,</span> <span class='ocrx_word' id='word_1_287' title='bbox 830 2912 877 2974; x_wconf 81' lang='lat'>25,</span> <span class='ocrx_word' id='word_1_288' title='bbox 902 2909 1078 2976; x_wconf 69' lang='lat' dir='ltr'>apernisse,</span> <span class='ocrx_word' id='word_1_289' title='bbox 1096 2913 1143 2973; x_wconf 85' lang='lat' dir='ltr'>at,·</span> <span class='ocrx_word' id='word_1_290' title='bbox 1168 2908 1214 2975; x_wconf 98' lang='grc'>10,</span> <span class='ocrx_word' id='word_1_291' title='bbox 1242 2913 1291 2975; x_wconf 81' lang='grc'>36,</span> <span class='ocrx_word' id='word_1_292' title='bbox 1321 2915 1337 2961; x_wconf 78' lang='lat'>‘1</span> 
     </span>
     <span class='ocr_line' id='line_1_32' title="bbox 161 2975 1335 3048; baseline 0.001 -17"><span class='ocrx_word' id='word_1_293' title='bbox 161 2977 285 3032; x_wconf 82' lang='lat' dir='ltr'>fallenen</span> <span class='ocrx_word' id='word_1_294' title='bbox 310 2977 440 3033; x_wconf 82' lang='lat' dir='ltr'>ziemlich</span> <span class='ocrx_word' id='word_1_295' title='bbox 466 2981 563 3048; x_wconf 81' lang='lat' dir='ltr'>streng</span> <span class='ocrx_word' id='word_1_296' title='bbox 590 2993 720 3046; x_wconf 81' lang='lat' dir='ltr'>gewesen</span> <span class='ocrx_word' id='word_1_297' title='bbox 773 2979 868 3042; x_wconf 79' lang='lat' dir='ltr'>edicto,</span> <span class='ocrx_word' id='word_1_298' title='bbox 886 2984 930 3044; x_wconf 82' lang='lat' dir='ltr'>at3</span> <span class='ocrx_word' id='word_1_299' title='bbox 951 2977 997 3045; x_wconf 78' lang='lat'>23,</span> <span class='ocrx_word' id='word_1_300' title='bbox 1020 2975 1225 3044; x_wconf 65' lang='grc' dir='ltr'>11211111αά</span> <span class='ocrx_word' id='word_1_301' title='bbox 1239 2995 1335 3048; x_wconf 79' lang='lat' dir='ltr'>popa-</span> 
     </span>
     <span class='ocr_line' id='line_1_33' title="bbox 161 3046 1142 3118; baseline 0.001 -16"><span class='ocrx_word' id='word_1_302' title='bbox 161 3047 229 3102; x_wconf 89' lang='lat' dir='ltr'>sein.</span> <span class='ocrx_word' id='word_1_303' title='bbox 258 3046 322 3101; x_wconf 90' lang='lat' dir='ltr'>Von</span> <span class='ocrx_word' id='word_1_304' title='bbox 340 3048 377 3103; x_wconf 90' lang='lat' dir='ltr'>da</span> <span class='ocrx_word' id='word_1_305' title='bbox 396 3066 432 3103; x_wconf 91' lang='lat' dir='ltr'>an</span> <span class='ocrx_word' id='word_1_306' title='bbox 451 3048 528 3104; x_wconf 90' lang='lat' dir='ltr'>blieb</span> <span class='ocrx_word' id='word_1_307' title='bbox 547 3049 597 3103; x_wconf 88' lang='lat' dir='ltr'>der</span> <span class='ocrx_word' id='word_1_308' title='bbox 610 3046 662 3102; x_wconf 85' lang='lat' dir='ltr'>Ort</span> <span class='ocrx_word' id='word_1_309' title='bbox 676 3047 719 3101; x_wconf 84' lang='lat' dir='ltr'>bis</span> <span class='ocrx_word' id='word_1_310' title='bbox 776 3050 909 3118; x_wconf 64' lang='grc'>11111111).</span> <span class='ocrx_word' id='word_1_311' title='bbox 1141 3092 1142 3095; x_wconf 21' lang='grc'>1</span> 
     </span>
     <span class='ocr_line' id='line_1_34' title="bbox 162 3116 1339 3192; baseline 0.002 -20"><span class='ocrx_word' id='word_1_312' title='bbox 162 3123 213 3172; x_wconf 83' lang='grc'>313</span> <span class='ocrx_word' id='word_1_313' title='bbox 224 3134 250 3171; x_wconf 83' lang='lat' dir='ltr'>v.</span> <span class='ocrx_word' id='word_1_314' title='bbox 267 3116 330 3171; x_wconf 83' lang='lat' dir='ltr'>Chr.</span> <span class='ocrx_word' id='word_1_315' title='bbox 346 3122 495 3190; x_wconf 77' lang='lat' dir='ltr'>ungestbrt</span> <span class='ocrx_word' id='word_1_316' title='bbox 508 3119 537 3172; x_wconf 92' lang='lat' dir='ltr'>in</span> <span class='ocrx_word' id='word_1_317' title='bbox 552 3119 603 3172; x_wconf 82' lang='lat' dir='ltr'>der</span> <span class='ocrx_word' id='word_1_318' title='bbox 611 3117 721 3173; x_wconf 85' lang='lat' dir='ltr'>Gewalt</span> <span class='ocrx_word' id='word_1_319' title='bbox 812 3126 836 3173; x_wconf 83' lang='lat'>6.</span> <span class='ocrx_word' id='word_1_320' title='bbox 860 3124 984 3174; x_wconf 77' lang='lat' dir='ltr'>cenetam</span> <span class='ocrx_word' id='word_1_321' title='bbox 1007 3120 1187 3192; x_wconf 79' lang='lat' dir='ltr'>distinebant]</span> <span class='ocrx_word' id='word_1_322' title='bbox 1214 3119 1339 3174; x_wconf 86' lang='lat' dir='ltr'>standen</span> 
     </span>
     <span class='ocr_line' id='line_1_35' title="bbox 162 3186 1337 3262; baseline 0.005 -21"><span class='ocrx_word' id='word_1_323' title='bbox 162 3186 213 3242; x_wconf 88' lang='lat' dir='ltr'>der</span> <span class='ocrx_word' id='word_1_324' title='bbox 231 3188 342 3243; x_wconf 76' lang='lat' dir='ltr'>Rtmer.</span> <span class='ocrx_word' id='word_1_325' title='bbox 776 3190 909 3244; x_wconf 87' lang='lat' dir='ltr'>einander</span> <span class='ocrx_word' id='word_1_326' title='bbox 918 3189 958 3242; x_wconf 92' lang='lat' dir='ltr'>im</span> <span class='ocrx_word' id='word_1_327' title='bbox 967 3189 1040 3244; x_wconf 84' lang='lat' dir='ltr'>Rate</span> <span class='ocrx_word' id='word_1_328' title='bbox 1049 3196 1188 3262; x_wconf 86' lang='lat' dir='ltr'>entgegen</span> <span class='ocrx_word' id='word_1_329' title='bbox 1197 3190 1234 3262; x_wconf 75' lang='grc' dir='ltr'>(ὅ,</span> <span class='ocrx_word' id='word_1_330' title='bbox 1243 3196 1286 3259; x_wconf 78' lang='lat'>20,</span> <span class='ocrx_word' id='word_1_331' title='bbox 1299 3194 1337 3261; x_wconf 78' lang='lat'>4).</span> 
     </span>
    </p>
   </div>
   <div class='ocr_carea' id='block_1_5' title="bbox 156 3259 1338 3846">
    <p class='ocr_par' dir='ltr' id='par_1_6' title="bbox 198 3259 1286 3340">
     <span class='ocr_line' id='line_1_36' title="bbox 198 3259 1286 3340; baseline 0.013 -28"><span class='ocrx_word' id='word_1_332' title='bbox 198 3264 222 3313; x_wconf 78' lang='lat'>2.</span> <span class='ocrx_word' id='word_1_333' title='bbox 242 3259 408 3331; x_wconf 77' lang='lat' dir='ltr'>defecerant]</span> <span class='ocrx_word' id='word_1_334' title='bbox 428 3260 492 3330; x_wconf 85' lang='lat' dir='ltr'>Vgl.</span> <span class='ocrx_word' id='word_1_335' title='bbox 512 3260 582 3330; x_wconf 88' lang='lat' dir='ltr'>Kap.</span> <span class='ocrx_word' id='word_1_336' title='bbox 603 3266 645 3330; x_wconf 78' lang='lat'>12,</span> <span class='ocrx_word' id='word_1_337' title='bbox 665 3265 689 3315; x_wconf 84' lang='lat'>5.</span> <span class='ocrx_word' id='word_1_338' title='bbox 811 3274 942 3324; x_wconf 80' lang='lat' dir='ltr'>certatam</span> <span class='ocrx_word' id='word_1_339' title='bbox 960 3270 1010 3340; x_wconf 82' lang='lat' dir='ltr'>eet]</span> <span class='ocrx_word' id='word_1_340' title='bbox 1031 3272 1070 3323; x_wconf 89' lang='lat' dir='ltr'>sie</span> <span class='ocrx_word' id='word_1_341' title='bbox 1090 3271 1286 3326; x_wconf 83' lang='lat' dir='ltr'>wetteiierten.</span> 
     </span>
    </p>

    <p class='ocr_par' dir='ltr' id='par_1_7' title="bbox 156 3339 1338 3625">
     <span class='ocr_line' id='line_1_37' title="bbox 197 3339 1338 3412; baseline 0.003 -20"><span class='ocrx_word' id='word_1_342' title='bbox 197 3343 223 3392; x_wconf 84' lang='grc'>3.</span> <span class='ocrx_word' id='word_1_343' title='bbox 253 3355 313 3394; x_wconf 81' lang='lat' dir='ltr'>cnm</span> <span class='ocrx_word' id='word_1_344' title='bbox 338 3341 479 3412; x_wconf 75' lang='lat' dir='ltr'>precibus]</span> <span class='ocrx_word' id='word_1_345' title='bbox 507 3343 589 3395; x_wconf 84' lang='lat' dir='ltr'>anter</span> <span class='ocrx_word' id='word_1_346' title='bbox 616 3340 722 3409; x_wconf 81' lang='lat' dir='ltr'>Bitten,</span> <span class='ocrx_word' id='word_1_347' title='bbox 812 3340 914 3411; x_wconf 82' lang='lat' dir='ltr'>tamen]</span> <span class='ocrx_word' id='word_1_348' title='bbox 944 3339 1057 3396; x_wconf 86' lang='lat' dir='ltr'>obwohl</span> <span class='ocrx_word' id='word_1_349' title='bbox 1081 3341 1127 3395; x_wconf 88' lang='lat' dir='ltr'>die</span> <span class='ocrx_word' id='word_1_350' title='bbox 1153 3341 1215 3397; x_wconf 88' lang='lat' dir='ltr'>eine</span> <span class='ocrx_word' id='word_1_351' title='bbox 1239 3341 1338 3397; x_wconf 86' lang='lat' dir='ltr'>Partei</span> 
     </span>
     <span class='ocr_line' id='line_1_38' title="bbox 162 3409 1337 3481; baseline 0.002 -17"><span class='ocrx_word' id='word_1_352' title='bbox 162 3410 224 3464; x_wconf 85' lang='lat' dir='ltr'>also</span> <span class='ocrx_word' id='word_1_353' title='bbox 248 3409 384 3480; x_wconf 77' lang='lat' dir='ltr'>demitig.</span> <span class='ocrx_word' id='word_1_354' title='bbox 426 3428 488 3467; x_wconf 83' lang='lat' dir='ltr'>enm</span> <span class='ocrx_word' id='word_1_355' title='bbox 515 3413 620 3466; x_wconf 75' lang='lat' dir='ltr'>konnte</span> <span class='ocrx_word' id='word_1_356' title='bbox 648 3414 721 3467; x_wconf 88' lang='lat' dir='ltr'>auch</span> <span class='ocrx_word' id='word_1_357' title='bbox 776 3427 832 3466; x_wconf 89' lang='lat' dir='ltr'>von</span> <span class='ocrx_word' id='word_1_358' title='bbox 842 3412 895 3464; x_wconf 91' lang='lat' dir='ltr'>den</span> <span class='ocrx_word' id='word_1_359' title='bbox 909 3417 1034 3467; x_wconf 81' lang='lat' dir='ltr'>unctores</span> <span class='ocrx_word' id='word_1_360' title='bbox 1043 3413 1201 3480; x_wconf 80' lang='lat' dir='ltr'>defectionis</span> <span class='ocrx_word' id='word_1_361' title='bbox 1215 3411 1337 3481; x_wconf 86' lang='lat' dir='ltr'>geleitet</span> 
     </span>
     <span class='ocr_line' id='line_1_39' title="bbox 162 3479 842 3553; baseline 0 -18"><span class='ocrx_word' id='word_1_362' title='bbox 162 3479 259 3536; x_wconf 81' lang='lat' dir='ltr'>fehlen</span> <span class='ocrx_word' id='word_1_363' title='bbox 278 3482 316 3552; x_wconf 94' lang='grc'>(1,</span> <span class='ocrx_word' id='word_1_364' title='bbox 337 3487 379 3551; x_wconf 84' lang='grc'>16,</span> <span class='ocrx_word' id='word_1_365' title='bbox 399 3488 416 3536; x_wconf 83' lang='grc'><strong>3</strong></span> <span class='ocrx_word' id='word_1_366' title='bbox 426 3499 522 3552; x_wconf 83' lang='lat' dir='ltr'>pacem</span> <span class='ocrx_word' id='word_1_367' title='bbox 532 3484 661 3553; x_wconf 79' lang='lat' dir='ltr'>precibus</span> <span class='ocrx_word' id='word_1_368' title='bbox 675 3501 722 3540; x_wconf 78' lang='lat' dir='ltr'>ea·</span> <span class='ocrx_word' id='word_1_369' title='bbox 776 3498 842 3536; x_wconf 88' lang='lat' dir='ltr'>war.</span> 
     </span>
     <span class='ocr_line' id='line_1_40' title="bbox 156 3553 1336 3625; baseline 0 -17"><span class='ocrx_word' id='word_1_370' title='bbox 156 3556 295 3622; x_wconf 81' lang='lat' dir='ltr'>peccant).</span> <span class='ocrx_word' id='word_1_371' title='bbox 812 3569 895 3622; x_wconf 83' lang='lat' dir='ltr'>opera</span> <span class='ocrx_word' id='word_1_372' title='bbox 921 3555 1083 3625; x_wconf 80' lang='lat' dir='ltr'>naveretwr]</span> <span class='ocrx_word' id='word_1_373' title='bbox 1117 3553 1198 3609; x_wconf 89' lang='lat' dir='ltr'>einen</span> <span class='ocrx_word' id='word_1_374' title='bbox 1227 3553 1336 3624; x_wconf 89' lang='lat' dir='ltr'>Dienst,</span> 
     </span>
    </p>

    <p class='ocr_par' dir='ltr' id='par_1_8' title="bbox 161 3623 1335 3846">
     <span class='ocr_line' id='line_1_41' title="bbox 198 3623 1257 3696; baseline -0.001 -16"><span class='ocrx_word' id='word_1_375' title='bbox 198 3625 314 3696; x_wconf 82' lang='lat' dir='ltr'>colonie]</span> <span class='ocrx_word' id='word_1_376' title='bbox 334 3625 437 3679; x_wconf 81' lang='lat' dir='ltr'>andere</span> <span class='ocrx_word' id='word_1_377' title='bbox 456 3623 654 3695; x_wconf 82' lang='lat' dir='ltr'>Bezeicbnung</span> <span class='ocrx_word' id='word_1_378' title='bbox 673 3626 723 3679; x_wconf 89' lang='lat' dir='ltr'>der</span> <span class='ocrx_word' id='word_1_379' title='bbox 776 3624 838 3679; x_wconf 88' lang='lat' dir='ltr'>eine</span> <span class='ocrx_word' id='word_1_380' title='bbox 858 3624 1043 3694; x_wconf 76' lang='lat' dir='ltr'>Gefalligkeit</span> <span class='ocrx_word' id='word_1_381' title='bbox 1061 3644 1095 3679; x_wconf 83' lang='lat' dir='ltr'>au</span> <span class='ocrx_word' id='word_1_382' title='bbox 1114 3625 1257 3680; x_wconf 85' lang='lat' dir='ltr'>erweisen.</span> 
     </span>
     <span class='ocr_line' id='line_1_42' title="bbox 161 3693 1335 3776; baseline -0.003 -26"><span class='ocrx_word' id='word_1_383' title='bbox 161 3695 192 3750; x_wconf 90' lang='lat' dir='ltr'>in</span> <span class='ocrx_word' id='word_1_384' title='bbox 207 3695 283 3750; x_wconf 89' lang='lat' dir='ltr'>einer</span> <span class='ocrx_word' id='word_1_385' title='bbox 296 3694 425 3751; x_wconf 83' lang='lat' dir='ltr'>aiemlich</span> <span class='ocrx_word' id='word_1_386' title='bbox 436 3693 543 3765; x_wconf 80' lang='lat' dir='ltr'>grossen</span> <span class='ocrx_word' id='word_1_387' title='bbox 555 3695 666 3750; x_wconf 81' lang='lat' dir='ltr'>Anzahl</span> <span class='ocrx_word' id='word_1_388' title='bbox 680 3712 721 3750; x_wconf 87' lang='lat' dir='ltr'>er·</span> <span class='ocrx_word' id='word_1_389' title='bbox 812 3711 836 3758; x_wconf 80' lang='lat'>¹1,</span> <span class='ocrx_word' id='word_1_390' title='bbox 859 3706 931 3759; x_wconf 64' lang='grc'>1111111</span> <span class='ocrx_word' id='word_1_391' title='bbox 954 3706 1129 3776; x_wconf 59' lang='lat' dir='ltr'>praeparati]</span> <span class='ocrx_word' id='word_1_392' title='bbox 1156 3704 1238 3759; x_wconf 61' lang='lat' dir='ltr'>kaim</span> <span class='ocrx_word' id='word_1_393' title='bbox 1264 3704 1335 3760; x_wconf 62' lang='lat' dir='ltr'>vor.</span> 
     </span>
     <span class='ocr_line' id='line_1_43' title="bbox 163 3767 1221 3846; baseline 0.002 -17"><span class='ocrx_word' id='word_1_394' title='bbox 163 3767 332 3821; x_wconf 68' lang='lat' dir='ltr'>flchienenen</span> <span class='ocrx_word' id='word_1_395' title='bbox 351 3768 441 3837; x_wconf 69' lang='lat' dir='ltr'>leyaii·</span> <span class='ocrx_word' id='word_1_396' title='bbox 775 3774 969 3846; x_wconf 80' lang='lat' dir='ltr'>berettungen‚</span> <span class='ocrx_word' id='word_1_397' title='bbox 989 3774 1221 3844; x_wconf 83' lang='lat' dir='ltr'>Vorkebrungen.</span> 
     </span>
    </p>
   </div>
   <div class='ocr_carea' id='block_1_6' title="bbox 197 3846 1336 3927">
    <p class='ocr_par' dir='ltr' id='par_1_9' title="bbox 197 3846 1336 3927">
     <span class='ocr_line' id='line_1_44' title="bbox 197 3846 1336 3927; baseline 0.008 -25"><span class='ocrx_word' id='word_1_398' title='bbox 197 3846 366 3917; x_wconf 71' lang='grc'>11111111]</span> <span class='ocrx_word' id='word_1_399' title='bbox 382 3846 478 3914; x_wconf 87' lang='lat' dir='ltr'>sofort,</span> <span class='ocrx_word' id='word_1_400' title='bbox 491 3847 617 3916; x_wconf 84' lang='lat' dir='ltr'>segleich</span> <span class='ocrx_word' id='word_1_401' title='bbox 629 3848 666 3919; x_wconf 76' lang='lat'>(7,</span> <span class='ocrx_word' id='word_1_402' title='bbox 679 3855 719 3917; x_wconf 87' lang='lat'>10,</span> <span class='ocrx_word' id='word_1_403' title='bbox 810 3855 966 3927; x_wconf 76' lang='lat' dir='ltr'>muntiare]</span> <span class='ocrx_word' id='word_1_404' title='bbox 992 3855 1072 3910; x_wconf 90' lang='lat' dir='ltr'>nicht</span> <span class='ocrx_word' id='word_1_405' title='bbox 1096 3857 1241 3924; x_wconf 80' lang='lat' dir='ltr'>nuntiare,</span> <span class='ocrx_word' id='word_1_406' title='bbox 1270 3855 1336 3911; x_wconf 87' lang='lat' dir='ltr'>weil</span> 
     </span>
    </p>
   </div>
   <div class='ocr_carea' id='block_1_7' title="bbox 162 3918 1335 4066">
    <p class='ocr_par' dir='ltr' id='par_1_10' title="bbox 162 3918 1335 4066">
     <span class='ocr_line' id='line_1_45' title="bbox 162 3918 1335 3987; baseline 0.008 -14"><span class='ocrx_word' id='word_1_407' title='bbox 162 3925 209 3986; x_wconf 77' lang='lat'>103</span> <span class='ocrx_word' id='word_1_408' title='bbox 229 3918 255 3987; x_wconf 87' lang='grc'>8,</span> <span class='ocrx_word' id='word_1_409' title='bbox 276 3923 318 3985; x_wconf 78' lang='lat'>2⁷,</span> <span class='ocrx_word' id='word_1_410' title='bbox 339 3918 375 3986; x_wconf 89' lang='lat'>1).</span> <span class='ocrx_word' id='word_1_411' title='bbox 774 3924 847 3981; x_wconf 90' lang='lat' dir='ltr'>ohne</span> <span class='ocrx_word' id='word_1_412' title='bbox 865 3927 978 3981; x_wconf 84' lang='lat' dir='ltr'>Wissen</span> <span class='ocrx_word' id='word_1_413' title='bbox 996 3927 1046 3981; x_wconf 90' lang='lat' dir='ltr'>der</span> <span class='ocrx_word' id='word_1_414' title='bbox 1062 3927 1263 3983; x_wconf 86' lang='lat' dir='ltr'>samnitiechen</span> <span class='ocrx_word' id='word_1_415' title='bbox 1282 3926 1335 3982; x_wconf 90' lang='lat' dir='ltr'>Be·</span> 
     </span>
     <span class='ocr_line' id='line_1_46' title="bbox 198 3988 902 4066; baseline 0.001 -22"><span class='ocrx_word' id='word_1_416' title='bbox 198 3994 383 4058; x_wconf 73' lang='lat' dir='ltr'>exeeqanntnr</span> <span class='ocrx_word' id='word_1_417' title='bbox 397 3989 564 4060; x_wconf 71' lang='lat' dir='ltr'>quaerendo]</span> <span class='ocrx_word' id='word_1_418' title='bbox 574 3988 638 4059; x_wconf 84' lang='lat' dir='ltr'><strong>Vgl.</strong></span> <span class='ocrx_word' id='word_1_419' title='bbox 650 3989 719 4060; x_wconf 87' lang='lat' dir='ltr'>Kap.</span> <span class='ocrx_word' id='word_1_420' title='bbox 776 3999 902 4066; x_wconf 53' lang='lat' dir='ltr'>satzung</span> 
     </span>
    </p>
   </div>
   <div class='ocr_carea' id='block_1_8' title="bbox 162 4064 1336 4425">
    <p class='ocr_par' dir='ltr' id='par_1_11' title="bbox 162 4064 1336 4203">
     <span class='ocr_line' id='line_1_47' title="bbox 162 4064 1336 4142; baseline -0.004 -13"><span class='ocrx_word' id='word_1_421' title='bbox 162 4064 269 4142; x_wconf 66' lang='lat'>³21¹·,</span> <span class='ocrx_word' id='word_1_422' title='bbox 811 4070 880 4125; x_wconf 74' lang='grc'>11111</span> <span class='ocrx_word' id='word_1_423' title='bbox 910 4068 1022 4141; x_wconf 80' lang='lat' dir='ltr'>tabuit]</span> <span class='ocrx_word' id='word_1_424' title='bbox 1053 4066 1108 4123; x_wconf 88' lang='lat' dir='ltr'>Mit</span> <span class='ocrx_word' id='word_1_425' title='bbox 1140 4068 1247 4124; x_wconf 87' lang='lat' dir='ltr'>diesem</span> <span class='ocrx_word' id='word_1_426' title='bbox 1281 4067 1336 4124; x_wconf 93' lang='lat' dir='ltr'>Be-</span> 
     </span>
     <span class='ocr_line' id='line_1_48' title="bbox 199 4129 1335 4203; baseline -0.005 -3"><span class='ocrx_word' id='word_1_427' title='bbox 199 4131 233 4185; x_wconf 70' lang='lat' dir='ltr'>“b</span> <span class='ocrx_word' id='word_1_428' title='bbox 256 4129 354 4203; x_wconf 61' lang='lat' dir='ltr'>tidem]</span> <span class='ocrx_word' id='word_1_429' title='bbox 378 4130 542 4200; x_wconf 64' lang='lat' dir='ltr'>Aflyssdeiffll</span> <span class='ocrx_word' id='word_1_430' title='bbox 569 4130 722 4187; x_wconf 60' lang='lat' dir='ltr'>adversaii·</span> <span class='ocrx_word' id='word_1_431' title='bbox 776 4140 902 4195; x_wconf 86' lang='lat' dir='ltr'>schlusse</span> <span class='ocrx_word' id='word_1_432' title='bbox 929 4139 1039 4194; x_wconf 85' lang='lat' dir='ltr'>echeint</span> <span class='ocrx_word' id='word_1_433' title='bbox 1064 4141 1114 4194; x_wconf 86' lang='lat' dir='ltr'>der</span> <span class='ocrx_word' id='word_1_434' title='bbox 1140 4142 1198 4195; x_wconf 82' lang='lat' dir='ltr'>Rat</span> <span class='ocrx_word' id='word_1_435' title='bbox 1225 4140 1335 4195; x_wconf 85' lang='lat' dir='ltr'>ausciu-</span> 
     </span>
    </p>

    <p class='ocr_par' dir='ltr' id='par_1_12' title="bbox 166 4201 1336 4355">
     <span class='ocr_line' id='line_1_49' title="bbox 166 4201 1335 4281; baseline 0.002 -26"><span class='ocrx_word' id='word_1_436' title='bbox 166 4217 231 4256; x_wconf 83' lang='lat' dir='ltr'>vum</span> <span class='ocrx_word' id='word_1_437' title='bbox 250 4218 299 4255; x_wconf 82' lang='lat' dir='ltr'>aur·</span> <span class='ocrx_word' id='word_1_438' title='bbox 317 4201 439 4272; x_wconf 85' lang='lat' dir='ltr'>Hebung</span> <span class='ocrx_word' id='word_1_439' title='bbox 457 4201 507 4258; x_wconf 88' lang='lat' dir='ltr'>des</span> <span class='ocrx_word' id='word_1_440' title='bbox 524 4201 720 4274; x_wconf 78' lang='lat' dir='ltr'>Gegensatnes.</span> <span class='ocrx_word' id='word_1_441' title='bbox 776 4210 1012 4281; x_wconf 71' lang='lat' dir='ltr'>andergegangen</span> <span class='ocrx_word' id='word_1_442' title='bbox 1036 4230 1070 4265; x_wconf 72' lang='lat' dir='ltr'>zu</span> <span class='ocrx_word' id='word_1_443' title='bbox 1098 4211 1172 4277; x_wconf 65' lang='lat' dir='ltr'>sein,</span> <span class='ocrx_word' id='word_1_444' title='bbox 1198 4211 1244 4266; x_wconf 75' lang='lat' dir='ltr'>die</span> <span class='ocrx_word' id='word_1_445' title='bbox 1271 4209 1335 4267; x_wconf 67' lang='lat' dir='ltr'>eino</span> 
     </span>
     <span class='ocr_line' id='line_1_50' title="bbox 198 4280 1336 4355; baseline -0.002 -18"><span class='ocrx_word' id='word_1_446' title='bbox 198 4282 343 4337; x_wconf 71' lang='lat' dir='ltr'>incedunt</span> <span class='ocrx_word' id='word_1_447' title='bbox 442 4284 480 4338; x_wconf 84' lang='lat' dir='ltr'>ad</span> <span class='ocrx_word' id='word_1_448' title='bbox 504 4299 568 4339; x_wconf 79' lang='lat' dir='ltr'>snos</span> <span class='ocrx_word' id='word_1_449' title='bbox 595 4284 721 4355; x_wconf 77' lang='lat' dir='ltr'>redeant]</span> <span class='ocrx_word' id='word_1_450' title='bbox 776 4281 871 4336; x_wconf 89' lang='lat' dir='ltr'>Partei</span> <span class='ocrx_word' id='word_1_451' title='bbox 889 4281 995 4336; x_wconf 82' lang='lat' dir='ltr'>konnte</span> <span class='ocrx_word' id='word_1_452' title='bbox 1019 4282 1099 4338; x_wconf 90' lang='lat' dir='ltr'>nicht</span> <span class='ocrx_word' id='word_1_453' title='bbox 1116 4280 1215 4337; x_wconf 84' lang='lat' dir='ltr'>weiter</span> <span class='ocrx_word' id='word_1_454' title='bbox 1232 4282 1336 4351; x_wconf 83' lang='lat' dir='ltr'>gehen,</span> 
     </span>
    </p>

    <p class='ocr_par' dir='ltr' id='par_1_13' title="bbox 162 4351 1280 4425">
     <span class='ocr_line' id='line_1_51' title="bbox 162 4351 1280 4425; baseline 0 -19"><span class='ocrx_word' id='word_1_455' title='bbox 162 4353 230 4408; x_wconf 81' lang='lat' dir='ltr'>kain</span> <span class='ocrx_word' id='word_1_456' title='bbox 240 4351 450 4423; x_wconf 87' lang='lat' dir='ltr'>Widerspruch,</span> <span class='ocrx_word' id='word_1_457' title='bbox 466 4354 534 4410; x_wconf 88' lang='lat' dir='ltr'>aber</span> <span class='ocrx_word' id='word_1_458' title='bbox 544 4353 722 4425; x_wconf 71' lang='lat' dir='ltr'>nachltssige</span> <span class='ocrx_word' id='word_1_459' title='bbox 776 4351 849 4408; x_wconf 84' lang='lat' dir='ltr'>ohne</span> <span class='ocrx_word' id='word_1_460' title='bbox 867 4351 928 4407; x_wconf 87' lang='lat' dir='ltr'>ihre</span> <span class='ocrx_word' id='word_1_461' title='bbox 946 4353 1054 4407; x_wconf 79' lang='lat' dir='ltr'>Fflhrer</span> <span class='ocrx_word' id='word_1_462' title='bbox 1071 4353 1280 4424; x_wconf 80' lang='lat' dir='ltr'>preiszngeben.</span> 
     </span>
    </p>
   </div>
   <div class='ocr_carea' id='block_1_9' title="bbox 0 0 1437 4800">
    <p class='ocr_par' dir='ltr' id='par_1_14' title="bbox 0 0 1437 4800">
     <span class='ocr_line' id='line_1_52' title="bbox 0 0 1437 4800; baseline 0 0"><span class='ocrx_word' id='word_1_463' title='bbox 0 0 1437 4800; x_wconf 95' lang='lat' dir='ltr'> </span> 
     </span>
    </p>
   </div>
  </div>
 </body>
</html>
