2864 4800
117 265 139 294 a.
154 253 205 295 om.
219 265 243 294 n.
257 254 303 296 814.
504 236 612 292 LIBER
630 235 677 292 IX.
711 235 787 292 OAP.
806 242 849 293 26.
868 241 912 292 27.
1247 236 1289 301 67

118 403 225 468 centia
246 405 358 466 nostra
381 423 451 485 nos,
473 422 539 466 non
564 401 733 464 maiestate
750 398 884 464 honoris
908 401 997 463 tutos
1018 421 1036 463 a
1055 399 1289 466 criminationi·
1323 466 1328 474 ,

117 495 178 558 bus
202 491 273 555 istis
297 488 388 556 esse'.
1015 492 1020 500 “

205 578 346 645 Abdicat
373 578 448 643 inde
476 599 510 642 se
539 577 698 643 dictatura
728 580 761 642 et
787 581 864 659 post
886 598 959 641 eum
982 577 1153 642 confestim
1176 578 1288 644 Folius
1307 596 1342 645 ao

117 669 307 756 magisterio
344 668 506 753 equitum3
544 666 704 750 primique
742 664 827 748 apud
860 667 1007 731 consules
1041 662 1096 752 (iis
1129 668 1214 732 enim
1249 668 1290 732 ab

118 764 232 822 senatu
255 757 411 821 mandata
433 777 485 820 res
505 752 568 840 est)
588 755 635 819 rei
653 753 733 820 facti
751 753 903 818 adversus
923 754 1084 819 nobilium
1103 757 1290 821 testimonia

118 847 247 934 egregie
271 847 491 910 absolvuntur.
532 843 692 908 Publilius
717 844 816 908 etiam
839 842 934 909 Philo
958 844 1183 927 multiplicatis
1207 867 1291 908 sum·
1309 863 1342 911 21

116 936 178 1001 mis
211 935 391 1000 honoribus
423 935 499 1017 post
531 954 582 997 res
610 936 660 997 tot
688 932 775 996 domi
807 932 960 1017 belloque
993 935 1118 1017 gestas,
1148 936 1290 998 ceterum

116 1024 240 1089 invisus
264 1023 437 1106 nobilitati,
460 1043 590 1087 causam
614 1021 696 1086 dixit
720 1021 953 1106 absolutusque
978 1025 1036 1087 est
1081 1043 1141 1087 neo
1161 1021 1292 1108 diutius,
1310 1038 1343 1088 22

117 1118 154 1178 ut
176 1113 223 1197 fit,
247 1135 341 1197 quam
372 1112 448 1176 dum
470 1132 583 1176 recens
608 1114 686 1194 erat,
708 1111 857 1195 quaestio
876 1131 934 1194 per
953 1110 1042 1176 clara
1064 1111 1199 1176 nomina
1221 1132 1291 1177 reo·

117 1225 187 1266 rum
212 1202 328 1287 viguit3
352 1200 427 1265 inde
449 1201 516 1265 labi
545 1200 652 1284 coepit
676 1199 717 1264 ad
739 1199 856 1265 viliora
879 1200 995 1284 capita,
1018 1199 1119 1266 donec
1142 1200 1291 1266 coitioni-

116 1293 178 1356 bus
196 1290 466 1374 factionibusque,
485 1289 638 1353 adversus
658 1310 737 1373 quas
756 1292 945 1371 comparata
959 1293 1037 1366 erat,
1057 1310 1213 1373 oppressa
1232 1293 1290 1354 est.
1404 1366 1407 1371 Α

204 1380 327 1444 Earum
345 1379 433 1443 fama
452 1400 570 1461 rerum,
593 1379 698 1461 magis
718 1381 829 1442 tamen
849 1398 922 1461 spes
939 1374 1123 1462 Campanae
1137 1378 1341 1445 defectio-27

116 1469 180 1552 nis,
207 1469 243 1533 in
271 1490 367 1553 quam
396 1468 600 1533 coniuratum
632 1469 715 1549 erat,
744 1464 907 1530 Samnites
935 1466 969 1529 in
997 1466 1152 1552 Apuliam
1179 1489 1289 1533 versos

115 1579 227 1622 rursus
256 1557 297 1621 ad
325 1553 484 1620 Gaudium
512 1555 691 1635 revocavit,
720 1558 758 1618 ut
784 1554 859 1618 inde
887 1576 925 1619 ex
952 1556 1149 1641 propinquo,
1177 1557 1207 1621 si
1235 1556 1324 1641 quia

115 1651 223 1711 motus
253 1647 454 1711 occasionem
483 1644 653 1727 aperiret,›
668 1641 815 1726 capuam
844 1643 1000 1708 Romanis
1031 1645 1201 1729 eriperent.
1252 1663 1324 1710 eoa

119 1735 267 1800 consules
291 1755 364 1798 cum
386 1732 495 1797 valido
519 1733 659 1796 exercitu
682 1735 849 1797 venerunt.
894 1736 927 1796 et
949 1734 1054 1817 primo
1075 1734 1161 1799 circa
1179 1734 1290 1817 saltus,

116 1846 189 1888 oum
207 1823 369 1906 utrimque
388 1822 429 1887 ad
447 1821 574 1886 hostem
592 1821 704 1906 iniqua
722 1821 776 1885 via
790 1823 885 1904 esset,
904 1821 1048 1886 cunctati
1067 1827 1156 1909 sunt3
1175 1823 1289 1888 deinde
1308 1840 1325 1887 4

115 1909 278 1976 Samnites
306 1932 364 1994 per
391 1913 503 1994 aperta
531 1910 603 1976 loca
626 1910 715 1975 brevi
743 1910 880 1975 circuitu
907 1911 943 1975 in
971 1911 1042 1976 loca
1066 1912 1174 1996 plana,
1197 1910 1290 1978 Cam-

116 2021 219 2084 panos
238 2021 380 2083 campos,
404 2020 522 2085 agmen
541 1998 727 2078 demittunt,
744 1999 854 2083 ibique
875 1999 1017 2084 primum
1036 2004 1144 2066 castra
1162 2001 1196 2066 in
1215 2022 1290 2067 con-

117 2092 262 2172 spectum
281 2089 430 2153 hostibus
449 2088 535 2171 data,
555 2088 669 2152 deinde
687 2089 813 2154 levibus
833 2089 976 2173 proeliis,
995 2090 1141 2173 equitum
1160 2090 1289 2175 saepius
1301 2099 1324 2155 '5

116 2191 213 2261 quam
237 2177 398 2261 peditum,
425 2177 587 2262 utrimque
614 2177 792 2262 periculum
816 2176 948 2243 fectum.
992 2199 1053 2243 neo
1077 2183 1134 2242 aut
1157 2182 1290 2243 eventus

115 2288 226 2330 eorum
244 2266 425 2331 Romanum
445 2269 503 2330 aut
522 2287 641 2350 morae,
664 2288 728 2350 qua
746 2265 921 2330 trahebant
939 2266 1070 2350 bellum,
1092 2268 1290 2349 paenitebat.

114 2352 309 2419 Samnitium
338 2358 451 2421 contra
480 2355 615 2420 ducibus
645 2358 678 2419 et
706 2355 795 2439 carpi
823 2355 932 2437 parvis
962 2354 1080 2419 cotidie
1108 2355 1234 2429 damnis
1258 2360 1324 2431 eta

117 2465 283 2509 senescere
306 2444 463 2509 dilatione
486 2445 564 2507 belli
587 2445 672 2508 vires
697 2465 773 2507 suae
797 2442 1000 2508 videbantur.

149 2676 191 2725 20.
211 2672 251 2725 rei
268 2671 350 2741 sacti]
376 2670 432 2724 ‘sie
451 2668 615 2724 erschienen
632 2669 675 2724 als
763 2670 795 2722 ia
813 2685 895 2737 quom
918 2668 986 2740 etc]
1014 2667 1051 2722 Es
1068 2685 1128 2724 war
1150 2670 1210 2726 also
1234 2688 1289 2726 von

113 2740 317 2811 Angeklagte'.
351 2741 403 2795 Die
419 2740 547 2795 Konauln
566 2741 675 2795 verfah-
728 2740 779 2794 der
801 2739 1003 2795 samnitischen
1026 2739 1121 2796 Partei
1145 2743 1175 2796 in
1194 2741 1290 2813 Capua

113 2830 171 2878 ren,
191 2811 243 2866 wie
258 2812 359 2866 vorher
373 2812 423 2866 der
431 2809 564 2866 Diktator
578 2814 605 2881 (ξ
617 2813 675 2882 1o);
728 2827 755 2864 u.
784 2811 959 2880 Campanien
995 2812 1041 2865 ein
1078 2811 1290 2868 entechiedener

115 2884 188 2938 ohne
203 2880 260 2937 dau
271 2882 387 2952 jemand
402 2880 599 2951 alaAnklager
614 2882 676 2936 auf·
729 2880 825 2934 Abfall
844 2899 878 2934 zu
896 2880 950 2936 dan
967 2881 1125 2938 Samnitem
1144 2883 1289 2939 beabsich-

112 2955 187 3018 tritt,
215 2953 299 3008 laden
325 2954 365 3009 sie
394 2952 440 3008 die
465 2952 675 3023 Vardacbtigen
728 2951 793 3021 sige,
813 2952 866 3006 wie
883 2952 933 3006 ibn
951 2953 1031 3008 nieht
1049 2954 1152 3009 einmal
1170 2954 1216 3009 die
1234 2954 1289 3010 Ka·

112 3043 139 3081 u.
168 3025 214 3079 die
237 3025 349 3095 Zeugen
375 3042 427 3079 vor
449 3043 476 3080 u.
502 3023 602 3078 flihren
630 3024 675 3078 die
728 3024 875 3092 tastrophe
898 3040 954 3078 von
977 3023 1115 3079 Caudium
1143 3026 1289 3097 hervorge·

112 3097 330 3166 Untersuchung
348 3095 445 3151 durch.
726 3095 807 3150 rufen
826 3096 913 3160 hatte,

113 3175 673 3302 ..recreareturaaa
726 3166 1017 3309 ..esculan
1036 3167 1078 3222 ..
1093 3168 1211 3224 a...
1229 3167 1288 3224 ⁰³³·

311 3268 323 3304 s
519 3288 526 3313 ‚
1014 3280 1020 3293 ·

113 3336 139 3374 u.
149 3318 245 3373 Folius
260 3319 360 3374 hatten
375 3318 435 3374 sich
450 3319 498 3374 des
509 3317 672 3388 Vergehens
763 3314 787 3364 2·
813 3310 978 3364 ⁰⁶⁰“850Wm
1001 3310 1131 3381 allelmi]
1157 3310 1288 3367 Di⁰³01b0

112 3389 161 3444 der
180 3391 260 3445 coitio
279 3390 418 3446 durohaus
444 3389 524 3444 nicht
542 3388 673 3460 schuldig
727 3379 877 3450 Wflssdunss
895 3380 922 3446 42
942 3387 985 3448 53,
1005 3387 1030 3439 9·

111 3460 252 3530 gemacht.
763 3466 787 3514 3.
806 3461 881 3516 arou
897 3461 998 3531 saltas]
1021 3459 1052 3514 in
1070 3461 1121 3514 der
1139 3461 1220 3516 Nahe
1239 3462 1289 3515 der

148 3540 643 3611 21.Pablitias]Vgl.Kap.⁷,1o.
725 3531 878 3600 Eurotae·
1143 3600 1150 3612 ,

148 3611 350 3683 multiplicatis]
363 3611 672 3667 ‘vielfaehbekleidet’.
760 3602 836 3672 aar]
858 3603 961 3656 aomar
980 3602 1037 3656 und
1055 3602 1203 3658 Summus.

149 3682 277 3753 belloque]
292 3681 509 3752 ungewbhnlich
528 3685 600 3738 statt
618 3684 672 3739 bel·
760 3686 786 3737 4.
805 3682 913 3753 aperta]
937 3681 976 3736 im
996 3683 1155 3750 Gegensata
1178 3700 1212 3735 au
1234 3682 1288 3737 den

112 3755 192 3823 lique.
226 3753 336 3808 Ebenso
352 3754 378 3823 1,
394 3760 436 3823 34,
455 3759 486 3806 12
502 3753 569 3808 bello
587 3755 673 3809 domi·
726 3755 871 3823 anqustiuc
889 3753 957 3837 oder
975 3754 1069 3808 saltus.

112 3841 268 3977 qlliboisus]
295 3895 359 3950 weil
382 3900 482 3950 e1339
502 3913 527 3949 v.
548 3894 611 3949 chr.
631 3896 672 3950 als
761 3822 1201 3972 glizilliemrimlltgrssfililllap·
1217 3827 1241 3892 2⁷
1262 3829 1287 3878 9·

113 3967 247 4021 Diktator
281 3972 335 4021 tres
366 3967 434 4038 leues
464 3967 674 4022 secmedissimua
762 3974 919 4046 tramant]
975 3991 1005 4029 aa
1024 3973 1144 4043 subjekt
1171 3974 1209 4029 ige
1236 3991 1308 4029 aus.

107 4040 207 4108 plebei,
226 4037 354 4093 adversas
367 4039 509 4094 nobilitati
525 4038 674 4107 beantragt
727 4046 792 4100 dem
810 4045 985 4100 kollektiven
999 4045 1155 4102 Romanum
1174 4063 1208 4099 au
1226 4047 1286 4101 ent-

112 4112 193 4164 hatte
213 4109 250 4179 (8,
272 4114 314 4175 12,
334 4111 387 4179 14).
726 4118 855 4172 nahmen.

148 4195 190 4244 22.
209 4190 310 4260 viauia]
331 4188 396 4259 Vgl.
415 4190 485 4258 Kap.
505 4193 530 4256 3,
549 4193 573 4245 5.
764 4204 787 4253 6.
807 4196 898 4266 carpi]
923 4195 1120 4265 ‘gesehwtcht
1143 4191 1286 4264 vaurdam,

148 4269 197 4325 27.
218 4275 241 4326 1.
261 4269 467 4340 earumrerum]
484 4266 673 4327 vondenUn-
727 4266 1286 4324 militarischerrerminusfardasstack-

114 4342 201 4396 ruhen
228 4342 259 4395 in
281 4339 377 4410 Capua
399 4341 456 4394 und
480 4341 533 4400 den
556 4340 673 4394 inneren
727 4340 810 4394 weiae
828 4335 984 4393 Aufreiben
1003 4337 1084 4393 einer
1104 4339 1303 4390 &nemmem

114 4410 328 4481 Streitigkeiten
347 4412 376 4466 in
394 4413 474 4468 Rom.
536 4461 542 4474 ,
730 4411 773 4482 lb,
789 4419 819 4484 a,
835 4417 871 4482 tq
885 4410 919 4479 b,
934 4413 985 4478 22,
998 4413 1058 4474 m
1068 4407 1107 4472 S.
1118 4410 1175 4469 ab.
1186 4403 1231 4464 th·

1073 4490 1113 4543 aglo
