2864 4800
151 188 194 252 96
569 185 677 240 ursus
694 184 741 241 nr.
775 185 851 241 cnr.
869 190 913 242 40.
1171 210 1191 240 ..
1208 209 1232 238 u.
1248 209 1268 238 ο.
1279 197 1334 241 us.

152 348 274 414 auratis
293 347 450 412 militibus
473 348 691 430 versicolores,
714 348 894 432 argentatis
916 347 1035 411 linteae
1058 346 1224 411 candidae.
1275 346 1333 411 his

151 436 299 501 dextrum
322 459 422 502 cornu
445 436 570 520 datum,
593 437 642 500 illi
665 438 700 500 in
723 437 856 501 sinistro
881 437 1073 501 consistunt.
1206 498 1212 508 ,

115 543 133 591 4
239 525 347 591 Notus
370 527 434 590 iam
453 524 610 591 Romanis
630 528 806 608 apparatus
824 524 1000 608 insignium
1020 546 1185 589 armorum
1203 523 1330 606 fuerat,

153 614 302 699 doctique
326 637 346 679 a
369 615 503 679 ducibus
527 619 634 678 erant:
656 614 823 678 horridum
846 613 986 678 militem
1009 634 1079 678 esse
1103 613 1236 697 debere,
1259 634 1332 677 non

117 703 313 769 tcaelatum
333 725 411 768 auro
431 706 464 767 et
488 705 632 787 argento,
656 702 712 767 sed
734 702 820 766 ferro
845 706 878 766 et
901 701 1017 766 animis
1039 701 1173 785 fretum3
1201 701 1331 786 quippe

152 792 210 857 illa
237 791 389 875 praedam
417 793 524 856 verius
553 813 650 876 quam
679 813 770 856 arma
797 812 876 874 esse,
903 791 1043 855 nitentia
1065 794 1139 855 ante
1162 811 1248 874 rem,
1273 791 1330 854 de·

117 881 270 947 oformia
288 881 372 945 inter
391 881 582 964 sanguinem
601 883 635 944 et
653 880 800 959 vulnera3
820 880 973 944 virtutem
992 900 1062 944 esse
1081 879 1197 943 militis
1217 879 1330 962 decus,

152 974 185 1034 et
208 970 317 1036 omnia
339 969 397 1033 illa
420 969 592 1034 victoriam
615 969 718 1053 sequi,
742 972 776 1032 et
798 968 898 1032 ditem
921 968 1048 1033 hostem
1072 967 1220 1053 quamvis
1245 990 1330 1051 pau-

120 1059 240 1142 eperis
264 1058 398 1122 victoris
421 1057 600 1142 praemium
629 1079 707 1122 esse.
760 1057 812 1122 his
841 1055 963 1123 Cursor
988 1056 1120 1121 vocibus
1148 1057 1328 1121 instinctos

154 1147 274 1211 milites
294 1147 328 1210 in
352 1147 510 1229 proelium
528 1146 625 1210 ducit.
663 1146 775 1210 dextro
799 1147 868 1230 ipse
887 1167 987 1211 cornu
1005 1145 1166 1229 consistit,
1189 1145 1328 1209 sinistro

153 1235 308 1318 praefecit
330 1235 524 1320 magistrum
547 1236 700 1320 equitum.

58 1386 60 1390 ,
117 1342 133 1391 8
241 1320 344 1387 Simul
373 1328 423 1388 est
451 1345 655 1406 concursum,
687 1323 803 1408 ingens
835 1323 898 1388 fuit
925 1345 997 1388 cum
1027 1323 1121 1387 hosts
1151 1325 1329 1407 certamen,

152 1434 218 1477 non
242 1412 372 1497 segnius
396 1414 480 1476 inter
508 1413 700 1477 dictatorem
728 1415 761 1476 et
784 1411 978 1495 magistrum
1002 1412 1160 1497 equitum,
1184 1411 1225 1474 ab
1251 1415 1329 1475 utra

116 1504 246 1584 sparte
270 1498 405 1566 victoria
428 1502 593 1585 inciperet.
638 1502 728 1585 prior
750 1501 835 1567 forte
860 1501 971 1565 [unius
991 1500 1168 1566 commovit
1185 1499 1328 1585 hostem,

151 1590 243 1654 laevo
268 1590 416 1654 dextrum
440 1612 548 1673 cornu,
576 1593 719 1655 sacratos
747 1611 836 1654 more
859 1587 1055 1654 Samnitium
1078 1588 1197 1652 milites
1222 1610 1328 1673 eoque

152 1678 289 1744 candida
311 1682 399 1742 veste
423 1683 456 1743 et
473 1679 605 1762 paribus
625 1679 761 1743 candore
780 1679 879 1743 armis
897 1679 1057 1762 insignem
1084 1681 1216 1742 auratae
1238 1679 1327 1759 eaor>

151 1787 222 1850 uae,
254 1772 369 1831 aurata
399 1767 500 1832 baltea
531 1768 596 1832 illis
625 1772 724 1832 daut.
773 1789 828 1832 eos
863 1789 896 1832 se
928 1767 1010 1832 Orco
1039 1770 1181 1830 mactare
1208 1765 1326 1830 Iunius

151 1854 305 1919 dictitans
329 1876 403 1919 cum
425 1855 589 1919 intulisset
612 1855 716 1940 signa,
741 1856 886 1921 turbavit
908 1856 1036 1921 ordines
1060 1858 1092 1919 et
1114 1854 1201 1919 haud
1224 1855 1325 1918 dubie

99 1965 131 2013 10
150 1943 280 2025 impulit
308 1943 418 2007 aciem.
470 1945 554 2027 quod
581 1943 638 2007 ubi
668 1945 771 2008 sensit
795 1944 943 2029 dictator,
971 1943 1035 2010 ‘Ab
1059 1944 1192 2008 laevone
1221 1964 1324 2007 cornu

151 2031 287 2095 victoria
310 2029 475 2114 incipiet?
499 2032 617 2115 inquit,
650 2031 695 2095 ‘et
718 2033 865 2096 dextrum
894 2055 1006 2116 cornu,
1035 2032 1203 2097 dictatoris
1229 2032 1323 2114 acies,

151 2119 291 2184 alienam
323 2140 468 2204 pugnarn
501 2125 665 2204 sequetur,
701 2142 768 2184 non
801 2127 929 2204 partem
961 2123 1136 2185 maximam
1167 2120 1324 2185 victoriae

101 2231 132 2280 11
152 2206 295 2272 trahet‘l'
345 2209 488 2273 concitat
520 2209 656 2293 milites3
684 2231 744 2274 nec
780 2210 924 2293 peditum
961 2210 1076 2274 virtuti
1108 2210 1232 2293 equites
1264 2212 1323 2271 ant

100 2319 132 2367 12
152 2297 334 2381 legatorum
363 2298 469 2361 studia
496 2298 630 2362 ducibus
659 2298 783 2363 cedunt.
834 2297 877 2363 M.
905 2297 1054 2362 Valerius
1087 2320 1106 2361 a
1136 2298 1257 2380 dextro,
1284 2295 1319 2361 P.

151 2385 270 2450 Decius
295 2386 335 2449 ab
358 2387 450 2451 laevo
474 2409 582 2469 cornu,
606 2387 701 2452 ambo
726 2387 926 2469 consulares,
949 2387 989 2452 ad
1013 2387 1137 2472 equites
1160 2385 1195 2449 in
1218 2384 1321 2451 corni-

187 2650 306 2717 auratc's]
330 2649 383 2703 mit
401 2647 474 2704 (told
497 2650 627 2719 verziert‚
654 2666 709 2704 von
800 2654 824 2704 7.
843 2650 1003 2719 mcqietrum
1017 2648 1150 2719 equitum]
1168 2646 1267 2702 Dieser
1284 2647 1323 2702 ist

152 2719 207 2774 den
221 2719 353 2774 Schilden
371 2721 422 2774 auf
438 2720 483 2774 die
498 2721 616 2790 Krieger
629 2722 710 2776 tiber·
763 2738 835 2775 zwar
870 2721 1004 2775 zuntchst
1036 2719 1236 2773 Belehlshaber
1274 2720 1325 2774 der

152 2792 261 2859 tragon.
550 2812 556 2822 ·
764 2792 886 2846 Reiterei
905 2791 987 2861 (Kap.
1002 2795 1045 2857 22,
1060 2793 1101 2858 4),
1125 2791 1202 2843 kann
1217 2789 1324 2860 jedoch

187 2860 710 2932 vnsiccloree]‘schillernd’‚vonlr0st·
764 2864 837 2916 auch
869 2861 915 2917 ein
943 2862 1117 2916 Kommando
1151 2860 1221 2915 tiber
1248 2859 1325 2915 run

152 2932 239 2988 baren
274 2932 403 3001 Farben,
440 2934 533 2987 zumal
570 2949 624 2987 von
662 2934 711 2987 der
764 2937 884 3002 truppen
908 2933 1098 2987 iibernahmen
1124 2931 1206 3001 (Kap.
1225 2938 1274 3000 23,
1290 2933 1325 3000 6).

153 3001 710 3073 dunhelviolettenPurpurfurbe(?,10,
800 3010 825 3059 8.
844 3004 988 3074 certamen]
1008 3003 1038 3057 in
1057 3003 1220 3071 doppeltem
1239 3003 1323 3057 Sinn:

154 3079 182 3140 ⁷3
201 3072 247 3138 34,
264 3080 287 3140 1,
303 3076 339 3141 3).
764 3075 869 3144 Kampf
885 3090 977 3144 gagen
993 3074 1048 3128 den
1062 3073 1157 3138 Feind,
1173 3074 1325 3130 Wetteifer

189 3151 214 3198 4.
232 3144 337 3214 fuerat]
357 3143 447 3198 Bevor
466 3144 511 3198 die
529 3143 633 3198 Romer
650 3143 711 3197 sich
765 3149 846 3200 unter
864 3146 917 3199 den
936 3144 1093 3199 rcmischen
1110 3144 1275 3201 Feldherrn.

155 3232 204 3268 aur
219 3213 352 3268 Schlacht
366 3214 537 3282 aufstellten,
552 3232 611 3269 war
624 3214 711 3269 ihnen
801 3222 826 3270 9.
845 3217 996 3286 commovit]
1006 3216 1324 3285 machteschwankend,

154 3284 201 3338 die
226 3283 403 3352 Ausrdstung
431 3285 481 3339 der
508 3284 613 3339 Feinde
641 3304 710 3339 nun·
763 3285 880 3341 brachte
899 3304 961 3340 zum
979 3287 1123 3341 Weichen.

154 3355 233 3410 mehr
242 3356 319 3424 (iam)
326 3356 597 3425 bekanntgewesen‚
604 3356 711 3426 infolge
799 3357 893 3427 sluaa]
914 3357 977 3427 Vgl.
991 3357 1063 3426 Kap.
1079 3365 1121 3425 27,
1137 3364 1179 3413 12.

155 3426 204 3480 der
217 3427 420 3496 Beobachtung
438 3427 571 3481 wthrend
589 3427 639 3481 der
655 3433 711 3483 sta·
802 3431 844 3482 10.
862 3429 963 3498 trahet]
975 3444 1012 3481 sc.
1023 3431 1104 3485 adse.
1124 3429 1188 3497 Vgl.
1200 3429 1270 3498 Kap.
1280 3435 1323 3499 28,

154 3499 214 3553 tiva
232 3499 313 3567 (Kap.
330 3503 377 3567 39,
392 3503 419 3566 3)
439 3517 465 3552 u.
486 3497 535 3551 der
553 3496 713 3568 Bclehrung
767 3506 826 3553 611.
844 3504 943 3567 18,1s.

155 3568 243 3623 durch
270 3569 315 3624 die
340 3568 493 3624 Feldherrn
522 3570 624 3639 (duces,
653 3571 711 3640 vgl.
804 3577 845 3625 11.
865 3571 1027 3642 humorum]
1042 3569 1092 3625 des
1103 3570 1140 3626 M.
1152 3569 1282 3626 Valerius
1296 3589 1315 3624 u

154 3645 170 3705 ξ
186 3641 238 3711 11),
260 3641 314 3695 den
332 3639 464 3694 Diktator
482 3658 509 3695 u.
529 3639 583 3693 den
601 3640 713 3695 Baiter·
766 3642 796 3695 P.
809 3642 917 3709 Decius,
938 3641 1044 3695 welche
1063 3647 1114 3696 312
1128 3661 1154 3697 v.
1165 3643 1228 3698 Chr.
1249 3643 1323 3698 Kon-

155 3711 296 3767 oberstan.
766 3711 829 3767 suln
848 3729 942 3767 waren
960 3713 1042 3782 (Kap.
1058 3720 1101 3779 28,
1116 3715 1153 3782 8).

224 3782 379 3853 horridum]
391 3782 556 3848 ‘furchtban
566 3781 712 3836 schmuclr·
802 3784 913 3854 cedunt]
929 3784 980 3837 Die
990 3784 1198 3854 Vergleichung
1211 3785 1250 3838 ist
1262 3800 1324 3839 ver·

153 3853 224 3908 los’.
255 3853 320 3924 Vgl.
335 3853 367 3921 2,
386 3859 432 3921 32,
454 3858 470 3907 8
490 3855 584 3921 prisco
602 3855 651 3908 illo
669 3855 712 3909 di·
766 3854 1139 3926 kuns(vgl.Kap.10‚e)
1162 3856 1246 3910 statt:
1274 3872 1325 3910 aec

153 3926 232 3980 cendi
250 3930 275 3980 et
292 3925 405 3980 horrido
422 3925 508 3980 modo.
760 3927 886 3996 peditum
903 3927 1002 3981 uirtuti
1023 3928 1113 3982 uinus
1135 3928 1256 3997 equitum
1273 3932 1324 3981 aut

157 4001 216 4121 16⁶⁸
235 3997 304 4067 rem]
328 3994 439 4063 Kampf.
481 3994 546 4065 Vgl.
570 3983 640 4065 Kap.
668 4000 711 4064 17,
765 3999 915 4123 genuenses
932 3998 1028 4051 studia
1044 3999 1145 4052 studiis
1163 3999 1264 4052 ducum
1281 4015 1323 4053 ce-

191 4108 197 4120 .
784 4074 845 4123 unt.

191 4143 215 4192 6.
233 4137 399 4208 praemium]
419 4135 553 4192 auweilen
575 4154 712 4208 synonym
801 4143 844 4193 12.
863 4140 895 4192 iu
904 4140 1044 4211 cornibus]
1055 4138 1107 4194 Die
1114 4139 1215 4194 beiden
1223 4138 1323 4208 muge]

154 4208 207 4261 mit
230 4209 353 4276 pracda,
381 4208 472 4262 zumal
496 4207 542 4264 bei
567 4210 711 4264 Dichtern.
766 4209 816 4264 der
825 4210 983 4264 romischen
993 4209 1255 4280 Schlachtordnung
1269 4209 1323 4265 bil·

155 4277 219 4348 Vgl.
243 4278 293 4346 31,
314 4283 397 4346 28,s
426 4297 459 4334 ae
486 4281 568 4336 classi
595 4282 713 4340 hodium
766 4281 820 4335 den
848 4280 894 4335 dis
922 4281 1025 4335 Reiter.
1069 4280 1212 4335 Zwischen
1237 4284 1325 4336 ihnen

150 4351 273 4420 praedae
290 4366 324 4404 uc
337 4353 462 4419 praemio
481 4357 573 4408 essent.
767 4351 843 4407 steht
866 4351 915 4406 das
933 4349 1062 4406 Fullvolk
1086 4352 1116 4406 in
1141 4352 1209 4406 zwei
1227 4352 1324 4408 Abtei·
