2864 4800
137 262 180 325 26
561 259 671 314 LIBER
689 259 735 313 IX.
768 257 845 316 CAP.
865 265 889 314 9.
1120 317 1122 320 ⁴
1162 285 1182 313 ι.
1197 284 1219 314 ιι,
1235 284 1254 313 o.
1269 275 1322 314 434.

103 426 123 488 9
229 425 310 489 Tum
342 423 530 489 Postumius
563 421 692 487 ‘Dedite
728 421 863 487 interea'
899 422 1007 508 inquit
1039 422 1207 506 ‘profanos
1242 443 1318 506 nos,

138 535 219 600 quos
254 513 345 579 salva
374 512 531 596 religione
558 512 710 597 potestis;
738 511 862 577 dedetis
890 510 1004 575 deinde
1033 518 1065 577 et
1092 511 1175 577 istos
1203 532 1318 577 sacro-

103 607 277 687 usanctos,
300 602 536 685 cumprimum
559 601 756 685 magistratu
779 599 927 684 abierint,
951 600 1017 684 sed,
1041 601 1068 666 si
1092 623 1143 665 me
1162 599 1319 684 audiatis,

138 692 325 776 priusquam
346 691 514 773 dedantur,
537 688 591 754 hio
609 690 644 753 in
665 690 798 755 comitio
817 689 918 774 uirgis
938 710 1057 774 caesos,
1079 690 1163 754 hano
1186 690 1255 754 iam
1279 693 1319 754 ut

102 798 119 844 3
138 781 347 846 intercalatae
362 800 485 864 poenae
498 800 630 842 usuram
643 777 795 844 habeant.
829 800 906 843 nam
921 778 1006 862 quod
1022 779 1184 844 deditione
1199 783 1320 844 nostra

138 873 260 954 negant
282 869 406 934 exsolvi
429 866 586 952 religione
607 867 773 951 populum,
796 867 828 931 id
846 867 927 932 istos
947 867 1061 953 magis,
1084 890 1125 932 ne
1144 866 1319 952 dedantur,

139 981 236 1043 quam
259 959 336 1043 quie
358 959 405 1022 ita
429 978 537 1022 seres
561 956 689 1041 habeat,
713 955 827 1034 dicere,
851 955 923 1041 quis
947 955 1027 1021 adeo
1050 957 1129 1022 iuris
1148 955 1317 1022 fetialium

139 1069 253 1132 expers
278 1051 337 1127 est,
361 1046 416 1131 qui
439 1043 606 1130 ignoret‘l'
1286 1094 1289 1098 i

102 1153 119 1200 4
227 1133 357 1220 ‘Neque
381 1153 441 1218 ego
464 1134 586 1198 infitias
610 1156 656 1218 eo,
678 1137 788 1218 patres
816 1133 1002 1219 conscripti,
1027 1137 1095 1199 tam
1120 1134 1318 1218 sponsiones

140 1246 238 1308 quam
261 1223 392 1289 foedera
416 1225 528 1287 saneta
551 1244 621 1288 esse
645 1221 730 1306 apud
754 1244 809 1287 eos
828 1221 985 1307 homines,
1005 1223 1088 1307 apud
1117 1245 1198 1309 quos
1222 1223 1319 1290 iuxta

139 1313 266 1378 divinas
279 1312 453 1397 religiones
467 1311 547 1376 fides
566 1311 709 1376 humana
728 1312 857 1395 colitur3
877 1310 934 1375 sed
953 1312 1077 1376 iniussu
1096 1312 1210 1396 populi
1225 1334 1315 1399 nego

103 1418 119 1466 ὅ
140 1402 312 1486 quicquam
327 1401 445 1466 sanciri
461 1423 565 1484 posse,
585 1401 669 1485 quod
687 1401 843 1486 populum
862 1404 980 1465 teneat
1010 1423 1063 1484 sn,
1084 1401 1113 1465 si
1129 1402 1242 1466 eadem
1263 1424 1317 1466 su·

140 1491 264 1575 perbia,
287 1513 351 1576 qua
365 1490 572 1574 sponsionem
586 1490 684 1554 istam
699 1493 925 1573 expresserunt
938 1488 1033 1555 nobis
1049 1488 1221 1574 Samnites,
1240 1496 1316 1557 ood-

143 1579 267 1664 gissent
281 1602 340 1644 nos
354 1579 454 1644 verba
472 1578 620 1664 legitima
638 1578 824 1644 dedentium
838 1577 935 1643 urbes
949 1600 1142 1663 nuncupare,
1166 1578 1317 1644 deditum

141 1669 296 1752 populum
306 1667 489 1732 Romanum
501 1689 568 1751 vos,
586 1667 721 1751 tribuni,
740 1666 887 1732 diceretis
897 1669 930 1731 et
939 1666 1023 1732 hano
1036 1668 1158 1750 urbem,
1177 1668 1316 1753 templa,

100 1775 116 1823 o
143 1757 286 1840 delubra,
304 1756 396 1840 fines,
410 1777 510 1841 aquas
525 1752 723 1820 Samnitium
738 1756 831 1821 esse?
855 1757 972 1820 omitto
988 1755 1195 1842 deditionem,
1210 1778 1317 1842 quon·

138 1846 203 1909 ianr
219 1844 258 1908 de
275 1844 449 1928 sponsione
464 1845 581 1927 agitur.
604 1844 681 1928 quid
695 1845 837 1928 tandem,
856 1845 884 1908 si
899 1844 1185 1928 spopondissemus
1195 1847 1315 1911 urbem

138 1933 223 1998 hano
241 1932 430 1997 relicturum
448 1932 602 2016 populum
623 1931 831 1998 Romanum?
868 1933 895 1998 si
909 1934 1137 2002 incensurum?
1162 1935 1190 1999 si
1209 1935 1315 2021 magi-

139 2025 278 2103 stratus,
303 2021 331 2085 si
355 2024 519 2102 senatum,
543 2022 572 2085 si
596 2021 684 2104 leges
708 2042 775 2087 non
797 2020 1010 2086 habiturum?
1043 2024 1071 2087 si
1095 2023 1155 2088 sub
1179 2024 1315 2110 regibus

137 2110 304 2174 futurum?
341 2109 400 2174 ‘Di
429 2109 579 2174 meliora'
610 2111 728 2194 inquis.
775 2110 865 2196 atqui
896 2132 964 2175 non
991 2111 1169 2196 indignitas
1202 2134 1315 2178 rerum

173 2303 202 2358 u.
217 2308 233 2356 a
248 2303 293 2358 hic
305 2303 337 2357 ia
351 2301 471 2373 comitto]
487 2302 537 2356 auf
549 2301 614 2355 dem
629 2302 697 2356 Ver·
751 2300 808 2357 dall
834 2302 874 2357 sie
897 2320 951 2357 nur
974 2302 1036 2357 ihre
1055 2303 1154 2372 eigene
1173 2303 1314 2359 Ausliele-

138 2373 330 2443 sammlungs·
349 2375 406 2428 und
425 2372 588 2443 Richtplatz
606 2372 698 2428 neben
750 2391 823 2443 rung
841 2373 1045 2430 hintertreiben
1063 2375 1174 2429 wolleu.

138 2445 188 2499 der
207 2444 302 2512 Cur-ie,
322 2445 411 2499 durch
428 2443 571 2500 Liktoren.
787 2452 812 2499 4.
830 2445 938 2512 infitias
956 2445 1006 2516 eo]
1027 2444 1089 2499 ‘ich
1108 2446 1189 2500 stelle
1208 2445 1238 2501 in
1257 2448 1317 2503 Ab·

174 2533 365 2604 intercalatae]
384 2551 436 2588 nur
454 2533 516 2588 hier
533 2532 562 2587 in
582 2533 632 2588 der
645 2535 696 2589 Be.
750 2514 838 2583 κᾶθ’,
876 2513 939 2570 elno
975 2516 1171 2572 unklaflslflche
1206 2517 1316 2574 Pllfflfle

139 2604 265 2673 deutung
280 2605 489 2672 ‘verschoben'3
508 2605 697 2660 sonstbedeu·
751 2587 807 2650 (¹¹ie
825 2585 872 2640 bel
890 2585 986 2668 (lloem
1005 2587 1062 2641 und
1080 2588 1186 2658 clm),
1206 2590 1249 2644 ⁰fl
1266 2588 1318 2645 bei

139 2677 182 2730 tet
200 2677 364 2731 intercalare
384 2675 599 2731 teinschfflenrn
751 2657 875 2726 Plautus
894 2675 925 2713 1n
939 2657 989 2712 der
1002 2658 1089 2714 Prosa
1105 2660 1196 2714 selten
1214 2660 1253 2730 (6,
1268 2667 1316 2730 40,

141 2765 423 2906 surculus·
438 2763 698 2891 stilicus
752 2729 1088 2883 *stultius
1108 2735 1143 2802 l·

139 2905 563 3032 {iufissglussfflllffliupssebfihffl
581 2879 699 3030 flirzlffl
752 2872 1314 3013 ccliiii}sitiitullbssifioldiliutiii

137 2980 699 3103 1:stultssimus.“uu
752 3012 1314 3152 „gp⁶33,p³g,g⁰glgggg,⁰'g⁶gp,¹¹,{{¹gg

139 3117 697 3277 irruiturus?utiliusu
752 3152 1315 3294 {terrueruutaruum

140 3275 226 3328 regen
244 3260 301 3313 und
319 3262 364 3313 fur
383 3261 444 3357 sloh
463 3278 496 3313 au
514 3276 685 3354 gewmneln·
788 3303 813 3353 5·
845 3298 1020 3370 nuncupare]
1055 3299 1221 3368 ‘hersagen,
1250 3315 1314 3353 aus·

175 3345 199 3394 3·
227 3340 305 3411 mm]
333 3340 524 3409 Beglundunss
551 3356 585 3393 ²¹¹
611 3356 698 3411 ’ΜΨ
753 3368 915 3436 spreehen’,
930 3369 1316 3439 namentlichvonGebeten,

138 3426 236 3467 emm·
309 3491 315 3501 ‚
674 3494 680 3506 ‚
752 3436 899 3493 Geldbdeu
918 3440 975 3494 und
993 3439 1193 3496 formelhaften
1207 3440 1314 3497 Redem

175 3490 1314 3635 fflmfflwffldfflwfflmmm

140 3562 352 3632 entsprechend,
372 3563 491 3616 sondern
504 3562 698 3633 Konjunktron
752 3579 802 3634 der
846 3582 954 3636 orhalls
984 3584 1034 3636 der
1062 3582 1152 3651 cume,
1179 3600 1229 3637 701
1261 3583 1318 3639 den

138 3638 184 3727 (ἡ
203 3636 248 3703 Sl)-
300 3714 306 3727 .
508 3711 515 3724 .
626 3715 631 3726 Ι
751 3652 886 3706 wahrend
900 3653 949 3707 der
964 3652 1211 3724 Senatssitzungen
1226 3653 1314 3709 offen-

171 3716 202 3770 ad
216 3754 223 3768 .
235 3756 259 3770 ..
275 3713 375 3784 docere]
391 3712 537 3782 abhhngrg
550 3730 604 3768 von
619 3730 696 3785 tyrro-
753 3724 907 3778 stehenden
927 3726 1039 3779 Thdreu
1058 3726 1107 3778 des
1127 3725 1282 3780 Ratsaales.

136 3793 190 3854 ret,
215 3783 433 3867 imnDeutschen
457 3800 494 3838 au
518 3786 572 3839 den
591 3781 697 3839 Sohlull
788 3801 811 3849 6,
827 3797 894 3864 qaid
908 3796 1031 3867 taam]
1048 3797 1107 3852 soil.
1121 3813 1178 3864 cos,
1196 3799 1316 3866 tribuat,

137 3858 188 3911 der
206 3856 324 3912 Peirode
343 3874 378 3909 zu
396 3859 497 3910 setzen.
751 3866 882 3922 diceretis,

171 3935 321 4006 fetialium]
350 3933 407 3988 Das
426 3934 517 3990 Reoht
545 3935 594 3991 der
621 3934 697 3990 Frie—
786 3937 829 3991 Di
836 3938 961 4008 meliora]
972 3937 1031 3992 soil.
1046 3940 1128 3993 duint
1143 3939 1179 4006 (d.
1190 3940 1218 3993 h.
1229 3941 1316 4010 deut),

136 4007 327 4075 denspriester
351 4004 523 4075 bestimmte,
552 4006 610 4061 dall
633 4007 695 4062 eine
752 4008 839 4063 ‘Gott
860 4009 1017 4064 bewahre'.
1055 4010 1105 4077 su,
1134 4016 1180 4078 10,
1199 4016 1229 4077 23
1259 4009 1316 4066 (lio.

136 4080 182 4132 fiir
211 4078 261 4131 das
288 4076 363 4132 Volk
389 4077 579 4133 verbindliche
606 4079 695 4149 Btirg·
750 4078 785 4132 de
805 4096 861 4134 sen.
881 4085 924 4134 47.
954 4078 1017 4149 Vgl.
1033 4079 1095 4136 Ter.
1110 4081 1221 4136 Phorm.
1243 4087 1314 4137 1005

136 4148 230 4204 sohaft
251 4164 305 4201 nur
327 4148 356 4202 in
382 4149 480 4203 dessen
499 4151 620 4220 Aultrag
638 4152 696 4206 ein·
749 4151 985 4207 dimetiusduiat.
1004 4181 1036 4192 —
1052 4150 1132 4206 siun:
1152 4150 1314 4208 Dasmeine

136 4235 285 4290 gegangen
308 4221 419 4275 werden
445 4222 546 4278 konue.
583 4223 696 4278 Diesem
749 4223 795 4276 ich
818 4221 930 4277 freilioh
952 4222 1043 4290 nicht,
1072 4219 1130 4276 dall
1152 4224 1198 4277 ihr
1222 4223 1312 4280 durch

137 4292 219 4345 Setae
247 4289 413 4346 widerstritt
439 4292 485 4346 die
509 4294 697 4364 Behauptung
751 4293 797 4349 ein
820 4294 927 4348 solohes
946 4294 1139 4362 Versprechen
1165 4296 1216 4349 das
1235 4295 1313 4351 Vollr

136 4362 186 4415 des
205 4360 302 4416 Livius
321 4363 377 4416 und
392 4362 502 4419 Melius.
535 4363 696 4419 Postumius
751 4363 929 4431 verpfliohtet
947 4365 1048 4419 uerter.

136 4431 198 4488 uult
227 4449 256 4488 es
284 4432 402 4490 deshalb
427 4434 473 4489 fiir
491 4434 695 4505 einleuchtcnd,
786 4435 891 4506 inquis]
916 4435 996 4504 ‘aagt
1019 4436 1224 4505 man’„nicht
1256 4453 1315 4494 von
