2864 4800
98 303 119 332 s.
134 292 185 332 ear.
200 303 222 332 n.
236 293 282 333 ³11.
491 276 600 331 ursan
617 246 664 332 rx.
701 275 777 332 one.
798 282 841 333 00.
860 283 902 335 or.
1230 277 1272 342 75

98 441 294 507 abhorrente
318 440 359 504 ab
382 440 521 525 ingeniis
544 439 713 505 hominum
741 461 796 504 eos
824 439 1064 524 adgrediuntur.
1110 440 1160 505 die
1187 440 1271 506 festo
1301 453 1317 503 8

101 530 158 595 alii
182 530 264 594 alios
286 550 344 613 per
368 529 507 613 speciem
531 528 794 594 celebrandarum
817 531 914 594 cantu
941 529 1109 614 epularum
1131 529 1273 595 invitant

99 625 133 682 et
156 619 246 701 vino,
277 619 368 683 cuius
391 617 520 683 avidum
547 617 648 682 ferme
672 619 708 684 id
729 639 832 703 genus
862 621 925 703 est,
953 621 1104 688 oneratos
1133 618 1273 703 sopiunt,

100 712 199 792 atque
231 708 278 771 ita
310 707 345 770 in
378 707 524 790 plaustra
557 729 671 772 somno
703 707 829 772 vinctos
867 706 1032 772 coniciunt
1064 729 1101 772 ac
1133 705 1272 772 Romam
1300 719 1316 768 0

101 796 286 880 deportant.
330 817 389 861 nec
412 795 501 880 prius
525 817 667 880 sensere,
699 818 796 880 quam
818 795 975 880 plaustris
998 795 1033 859 in
1056 795 1128 860 foro
1151 796 1272 860 relictis

100 886 214 969 plenos
252 885 402 969 crapulae
435 906 490 951 000
522 885 578 948 lux
615 885 784 969 oppressit.
838 888 917 950 tunc
953 905 1127 949 concursus
1162 884 1275 968 populi
1294 897 1327 945 10

98 975 221 1054 factus3
240 974 486 1059 impetratoque,
505 978 541 1038 ut
555 977 732 1059 manerent,
750 974 870 1055 datum,
889 976 927 1038 ut
940 973 1083 1038 triduum
1099 973 1274 1058 quotannis

98 1064 208 1128 ornati
232 1084 304 1127 cum
329 1065 424 1127 cantu
448 1065 545 1148 atque
569 1062 639 1147 hac,
663 1083 744 1146 quae
767 1084 854 1128 nunc
873 1062 1040 1128 sollemnis
1060 1066 1121 1146 est,
1141 1062 1275 1126 licentia

100 1173 159 1236 per
181 1152 296 1216 urbem
319 1155 524 1236 vagarentur,
546 1153 797 1236 restitutumque
820 1152 855 1216 in
878 1151 955 1216 aede
977 1151 1127 1217 vescendi
1149 1151 1200 1216 ius
1224 1151 1274 1232 iis,

100 1241 156 1326 qui
180 1241 280 1306 sacris
303 1241 534 1325 praecinerent.
579 1241 659 1306 haec
682 1241 767 1305 inter
797 1239 933 1305 duorum
961 1241 1144 1325 ingentium
1172 1240 1274 1305 ballo·

98 1352 171 1394 rum
195 1351 305 1395 curam
329 1330 533 1414 gerebantur.

188 1417 344 1484 Consules
381 1420 466 1483 inter
503 1440 537 1482 se
573 1418 756 1502 provincias
798 1417 931 1502 partiti3
971 1417 1064 1482 lunio
1102 1412 1325 1504 Samnites,3l

96 1507 240 1573 Aemilio
262 1529 382 1572 novum
406 1507 528 1572 bellum
551 1508 585 1571 alc
608 1506 740 1571 Etruria
762 1510 850 1572 sorte
874 1505 1014 1571 obvenit.

187 1596 226 1661 In
256 1593 389 1662 Samnio
419 1593 569 1661 Cluviani
602 1595 801 1679 praesidium
828 1594 1025 1679 Romanum,
1059 1596 1134 1680 quia
1160 1595 1307 1679 nequi-a

98 1689 190 1752 verat
212 1685 246 1750 vi
269 1686 356 1769 capi,
380 1684 549 1750 obsessum
572 1683 658 1748 fame
681 1684 715 1748 in
744 1684 941 1749 deditionem
969 1687 1161 1768 acceperant
1184 1682 1273 1749 Sam·

97 1776 198 1858 nites,
230 1773 483 1857 verberibusque
509 1773 640 1838 foedum
671 1774 707 1838 in
738 1773 868 1838 modum
898 1774 1056 1839 laceratos
1089 1772 1274 1838 occiderant

96 1862 235 1927 deditos.
285 1861 361 1927 huic
390 1862 533 1926 infensus
561 1862 744 1927 crudelitati
772 1862 884 1927 Iunius
911 1861 997 1926 nihil
1025 1862 1189 1946 antiquius
1218 1873 1308 1945 op-r.

98 1950 298 2036 pugnatione
321 1949 470 2016 Cluviani
493 1955 598 2030 ratus,
630 1951 768 2037 quodie
797 1951 969 2036 adgressus
993 1954 1057 2034 est,
1087 1951 1217 2016 moenia
1239 1952 1274 2016 vi

99 2040 185 2124 cepit
212 2042 310 2124 atque
343 2061 455 2105 omncs
487 2042 625 2124 puberes
656 2040 827 2105 interfecit.
877 2039 951 2104 inde
979 2040 1083 2105 victor
1112 2040 1308 2105 exercitus4

97 2128 278 2195 Bovianum
316 2129 441 2195 ductus.
499 2132 597 2213 caput
632 2129 694 2195 hoc
731 2133 802 2194 erat
836 2128 1030 2194 Pentrorum
1068 2126 1274 2211 Samnitium,

98 2219 196 2303 longe
229 2217 425 2283 ditissimum
457 2221 553 2302 atque
582 2218 866 2304 opulentissimum
893 2220 1006 2282 armis.
1020 2217 1172 2300 virisque.
1217 2217 1308 2301 ibi,s

95 2308 173 2392 quia
199 2304 286 2371 haud
317 2309 448 2372 tantum
475 2307 598 2372 irarum
625 2310 708 2392 erat,
742 2329 799 2391 spe
827 2305 966 2392 praedae
997 2306 1117 2370 milites
1146 2306 1272 2370 accensi

96 2395 216 2481 oppido
229 2395 408 2482 potiuntur.
450 2397 557 2461 minus
572 2396 683 2480 itaque
698 2398 857 2460 saevitum
871 2396 905 2459 in
920 2394 1032 2459 hostes
1051 2397 1115 2477 est3
1133 2393 1272 2478 praedae

97 2486 170 2568 plus
185 2507 287 2569 paene
302 2506 400 2569 quam
414 2506 454 2549 ex
468 2485 558 2549 omni
572 2483 705 2550 Samnio
724 2506 879 2569 umquam
894 2486 1051 2567 egestum,
1068 2482 1272 2568 benigneque

97 2574 202 2638 omnis
227 2574 324 2637 militi
347 2594 508 2638 concessa.
554 2577 588 2637 et
609 2576 784 2657 postquam
813 2574 1059 2656 praepotentem
1087 2572 1186 2636 armis
1208 2571 1272 2637 Ro·
1292 2585 1307 2633 0

96 2684 231 2728 manum
253 2683 312 2726 neo
336 2663 420 2726 acies
445 2662 621 2726 subsistere
643 2661 730 2725 ullae
754 2682 813 2726 neo
836 2665 943 2725 castra
970 2681 1030 2724 nec
1057 2660 1154 2724 urbes
1181 2664 1272 2745 pote-

99 2756 182 2835 rant,
205 2751 350 2815 omnium
372 2750 556 2834 principum
580 2751 614 2814 in
638 2747 770 2815 Samnio
795 2770 832 2813 eo
851 2771 946 2814 curae
964 2752 1041 2813 sunt
1059 2749 1212 2832 intentae,
1236 2753 1273 2814 ut

135 2967 160 3017 6.
176 2959 371 3031 perspectam]
392 2959 486 3013 ‘untcr
507 2959 571 3014 dem
590 2957 659 3014 Ver·
751 2958 800 3014 sl.
817 2967 840 3013 1.
850 2960 1022 3028 prouincias]
1040 2957 1097 3013 ‘die
1112 2956 1270 3013 (1000116110-

100 3031 211 3098 wand'‚
243 3029 377 3087 auweilen
413 3028 468 3085 mit
503 3030 572 3085 Gen.
595 3031 659 3086 ‘des
714 3028 1272 3100 1110100,001010001000000060110000

100 3100 257 3160 Gerundivs
276 3103 314 3171 (1,
333 3108 377 3169 41,
397 3109 426 3170 63
446 3101 492 3171 89,
510 3108 553 3168 35,
567 3107 598 3171 43
613 3101 659 3171 42,
712 3103 756 3226 lqls
768 3101 981 3171 eineprooc'acia
992 3100 1272 3157 bezeichnetwerden

99 3183 133 3232 52
162 3182 198 3230 8.
733 3188 795 3228 ann.

133 3176 198 3303 drab
210 3288 216 3300 .
227 3289 232 3302 .
245 3289 251 3301 .
262 3245 401 3317 oneratos]
416 3242 585 3316 οἰνοβαρεῖς,
603 3243 659 3298 Be-
748 3251 773 3299 2.
795 3243 938 3315 0100010001]
966 3242 1019 3298 Ι)10
1043 3243 1120 3314 Lage
1138 3242 1188 3298 der
1207 3244 1273 3298 Ort-

97 3317 254 3387 reichnung
280 3317 401 3387 rolliger
433 3315 659 3370 Betrunlrenbeit
713 3315 806 3370 0011011
825 3314 1050 3371 Oluca‘anmn'ist
1067 3313 1240 3370 unbekannt.

92 3388 177 3459 (Sall.
196 3388 257 3457 lug.
277 3393 319 3455 76,
339 3390 375 3458 6).
747 3385 895 3458 Samnites]
907 3386 1051 3441 vorabdie
1062 3385 1270 3456 Cluvianenser,

134 3465 158 3515 9.
182 3475 275 3515 somao
297 3457 416 3530 adactos]
445 3457 529 3513 Diese
552 3458 658 3520 Phrase
713 3457 1271 3523 0010101003(10111010060110000100.

96 3532 186 3585 findet
208 3529 271 3584 sich
293 3530 365 3584 auch
390 3531 418 3598 6,
445 3535 488 3596 44,
516 3535 530 3584 7
555 3547 581 3583 u.
607 3530 657 3584 Ov.
748 3528 892 3600 laceratos]
916 3528 969 3583 wia
993 3545 1022 3583 es
1047 3527 1119 3582 Sitte
1138 3545 1205 3593 war,
1225 3527 1271 3582 die

100 3604 167 3656 Met.
187 3607 229 3669 11,
248 3606 309 3656 268.
714 3599 905 3655 Verurteilten
929 3615 979 3654 vor
1007 3600 1057 3654 der
1078 3597 1271 3667 Hinriohtung

136 3678 177 3727 10.
196 3670 352 3742 impetrato]
372 3669 437 3739 Vgl.
456 3669 528 3740 Kap.
550 3677 590 3736 16,
610 3676 635 3725 6.
712 3671 765 3725 mit
787 3671 882 3725 Buten
904 3689 938 3724 au
961 3669 1097 3739 schlagen
1120 3669 1202 3738 (Kap.
1228 3675 1271 3736 16,

135 3742 270 3814 biduum]
305 3759 341 3796 an
377 3741 432 3796 don
470 3742 659 3810 Quinquatrus
714 3742 897 3810 10;24,16).

99 3815 230 3869 minores.
267 3813 324 3868 Dar
344 3811 491 3882 Haupttag
510 3811 658 3867 derselben
749 3819 773 3867 3.
784 3812 939 3883 antiquius]
950 3812 1119 3882 dringander
1132 3809 1169 3877 (3,
1180 3816 1222 3879 10,
1233 3812 1269 3880 2).

99 3901 159 3939 war
177 3885 227 3938 der
246 3890 286 3939 13.
305 3883 380 3951 luni,
400 3901 436 3939 an
456 3882 594 3939 walchem
613 3883 658 3938 die
748 3888 773 3936 4.
792 3883 962 3954 Bovianum]
981 3881 1046 3952 Vgl.
1066 3883 1137 3951 Kap.
1156 3887 1200 3948 28,
1221 3887 1244 3935 1.

98 3956 293 4012 Fletenblbser
315 3956 344 4009 in
370 3952 488 4010 Maskan
506 3973 533 4010 u.
552 3953 658 4009 bunten
748 3953 1038 4025 6100100010000000]
1058 3952 1115 4008 scil.
1136 3958 1270 4022 quactum
1386 3960 1391 3971 ’

97 4024 658 4095 11101ᾱο001060060011000000101000
713 4025 854 4080 0100010001.

98 4121 127 4155 u.
142 4097 203 4155 sich
216 4097 376 4153 betranlren
392 4096 547 4166 (Censorin.
562 4096 597 4150 de
613 4096 658 4150 die
742 4095 844 4167 paene]
864 4095 929 4165 Vgl.
948 4095 1019 4164 Kap.
1040 4099 1064 4162 7,
1084 4099 1109 4149 1.

95 4173 156 4226 nat.
176 4171 228 4239 12).
748 4167 847 4291 omniq?
881 4164 1064 4222 Gewbhnlich
1095 4166 1189 4220 wurde
1217 4185 1270 4220 nur

133 4246 166 4298 a'a
205 4241 283 4313 aede]
325 4239 385 4295 scil.
427 4239 506 4294 Iovis
555 4237 660 4308 Optimi
713 4238 758 4293 ein
782 4237 831 4291 Te·
868 4236 918 4292 der
939 4236 1029 4292 Beate
1055 4235 1109 4292 den
1134 4235 1269 4292 Soldaten

100 4314 232 4368 Maximi.
711 4307 887 4375 riberlassan,
920 4308 970 4363 der
997 4307 1099 4364 andere
1127 4307 1190 4363 'leil
1221 4309 1272 4361 auf

134 4385 224 4440 inter.
240 4424 248 4439 .
262 4382 385 4453 aucam]
400 4380 535 4437 wabrend
549 4398 615 4436 man
628 4378 659 4435 in
711 4379 867 4449 Rechnung
881 4380 930 4434 der
940 4378 1118 4435 Staatskasse
1128 4378 1267 4435 verkauft.

100 4453 188 4526 Serge
208 4470 267 4510 war
284 4469 383 4526 aegon
402 4496 409 4510 .
425 4493 454 4509 ..
749 4457 772 4506 6.
813 4450 968 4522 subnatare]
1009 4451 1153 4518 transitis,
1196 4449 1269 4504 ‘auf-
