2864 4800
102 304 122 332 a.
138 293 188 334 cnr.
203 304 223 332 n.
239 294 285 333 sao.
531 277 639 331 LIBER
658 278 703 331 IX.
737 276 813 335 CAP.
833 284 858 332 8.
1233 279 1277 342 25

104 441 256 526 piumque
285 441 325 506 de
353 442 479 526 integro
507 441 636 505 ineatur
659 440 789 504 bellum.
835 440 959 505 interea
982 441 1132 505 consules
1156 442 1311 508 exercir

37 576 40 583 -
103 536 174 594 tum
194 531 342 615 scribere,
366 552 501 615 armare,
524 530 656 594 educere
675 529 782 612 placet
799 550 859 593 neo
876 530 966 613 prius
985 529 1111 613 ingredi
1130 529 1275 594 hostium

103 619 192 703 fines,
215 641 311 704 quam
335 619 445 683 omnia
466 620 552 683 iusta
569 617 603 681 in
623 617 818 701 deditionem
838 622 984 682 nostram
1003 617 1147 701 perfecta
1171 624 1274 683 crunt.

103 729 171 792 vos,
193 709 226 772 di
250 708 460 791 immortales,
486 728 602 791 precor
629 727 819 790 quaesoque,
843 706 871 770 si
894 707 988 771 vobis
1012 728 1078 771 non
1101 706 1163 771 fuit
1186 708 1276 772 cordi
1295 728 1312 775 s

103 794 159 880 Sp.
178 796 391 879 Postumium,
409 795 445 860 Τ.
464 795 637 860 Veturium
654 797 801 860 consules
817 816 890 859 cum
905 793 1108 860 Samnitibus
1121 817 1275 880 prospere

102 886 225 949 bellum
254 905 379 970 gerere,
408 887 442 948 at
469 907 527 950 vos
556 884 637 949 satis
665 883 815 948 habeatis
844 884 964 949 vidisse
992 905 1052 949 nos
1081 887 1141 948 sub
1164 885 1313 968 iugume

103 975 232 1056 missos,
256 973 376 1037 vidisse
400 975 573 1057 sponsione
596 973 712 1037 infami
736 973 909 1058 obligatos,
933 973 1042 1037 videro
1065 973 1168 1037 nudos
1192 974 1277 1038 vinc·

105 1067 221 1146 tosqus
239 1061 388 1126 hostibus
407 1062 542 1145 deditos,
561 1083 690 1127 omnem
710 1063 795 1126 iram
812 1061 956 1126 hostium
975 1062 1097 1127 nostris
1116 1062 1276 1146 capitibus

104 1150 311 1234 excipientes.
360 1172 462 1216 novos
495 1151 643 1217 consules
680 1152 890 1235 legionesque
927 1150 1094 1215 Romanas
1126 1151 1174 1215 ita
1206 1172 1277 1215 cum
1299 1172 1332 1218 ιο

103 1238 251 1304 Samnite
270 1260 381 1324 gerere
402 1241 523 1305 bellum
541 1241 660 1323 velitis,
679 1242 717 1304 ut
735 1241 846 1305 omnia
864 1242 940 1303 ante
953 1261 1013 1305 nos
1028 1241 1177 1305 consules
1191 1240 1278 1304 bella

103 1332 198 1414 gesta
221 1327 318 1393 sunt?

191 1416 280 1493 Quae
308 1417 364 1482 ubi
392 1417 483 1500 dixit,
510 1420 605 1481 tanta
632 1417 730 1481 simul
760 1417 932 1481 admiratio
961 1417 1190 1501 miseratioque
1216 1419 1276 1482 viri
1299 1437 1331 1485 11

103 1507 236 1570 incessit
252 1507 411 1589 homines,
435 1509 472 1570 ut
492 1506 589 1570 modo
608 1507 662 1570 vix
681 1507 846 1570 crederent
864 1506 958 1570 illum
977 1507 1113 1570 cundem
1134 1528 1204 1571 esse
1224 1505 1276 1591 Sp.

102 1595 318 1677 Postumium,
341 1596 397 1678 qui
415 1597 529 1658 auctor
546 1599 615 1659 tam
634 1594 748 1659 foedae
766 1594 856 1678 pacis
875 1595 1000 1676 fuisset,
1023 1595 1119 1659 modo
1144 1597 1276 1660 misera·
1300 1617 1332 1663 12

101 1687 225 1769 rentur,
253 1684 338 1768 quod
366 1685 418 1746 vir
444 1683 520 1747 talis
549 1682 648 1747 etiam
676 1685 883 1767 praecipuum
911 1685 995 1767 apud
1022 1683 1133 1748 hostes
1157 1685 1277 1768 suppli·

104 1773 189 1839 cium
214 1793 369 1857 passurus
393 1778 480 1836 esset
503 1771 544 1836 ob
568 1772 650 1836 iram
674 1771 851 1856 diremptae
874 1774 974 1856 pacis.

195 1860 278 1926 Cum
301 1881 413 1925 omnes
438 1860 587 1925 laudibus
607 1861 703 1925 modo
721 1865 953 1945 prosequentes
972 1861 1077 1926 virum
1096 1863 1131 1927 in
1151 1865 1276 1926 senten·
1299 1884 1332 1931 13

104 1949 186 2015 tiam
211 1949 280 2013 eius
303 1948 438 2033 pedibus
461 1950 555 2032 irent,
577 1953 738 2035 temptata
762 1950 927 2034 paulisper
949 1950 1138 2015 intercessio
1162 1956 1212 2016 est
1235 1950 1276 2017 ab

103 2037 139 2103 L.
162 2037 254 2104 Livio
278 2043 311 2102 et
338 2036 373 2113 Q.
397 2037 516 2102 Maelio
544 2039 685 2104 tribunis
708 2038 825 2123 plebis,
852 2040 908 2122 qui
931 2060 1033 2124 neque
1057 2040 1180 2104 exsolvi
1203 2041 1332 2108 reli-14

106 2127 202 2212 gione
225 2126 381 2211 populum
406 2127 537 2191 aiebant
564 2127 726 2192 deditione
749 2149 817 2211 sua,
842 2129 908 2192 nisi
932 2129 1043 2194 omnia
1066 2126 1277 2213 Samnitibus,

104 2216 213 2300 qualia
236 2214 323 2298 apud
346 2214 503 2281 Caudium
523 2217 670 2300 fuissent,
688 2217 948 2301 restituerentur,
970 2238 1074 2300 neque
1094 2239 1128 2281 se
1147 2239 1206 2300 pro
1231 2239 1278 2301 ec,
1300 2238 1333 2286 15

103 2307 188 2390 quod
212 2305 399 2389 spondendo
422 2326 534 2389 pacem
568 2310 753 2371 servassent
777 2306 970 2370 excercitum
993 2306 1105 2389 populi
1128 2304 1279 2386 Romani,

102 2414 240 2478 poenam
268 2394 371 2458 ullam
399 2395 533 2459 meritos
561 2415 644 2477 esse,
671 2415 775 2477 neque
799 2394 840 2458 ad
864 2399 1051 2478 extremum,
1076 2414 1148 2457 cum
1173 2415 1279 2459 sacro-

104 2483 209 2548 sancti
233 2485 350 2567 essent,
373 2481 445 2546 dedi
468 2482 618 2548 hostibus
642 2483 797 2547 violarive
819 2503 925 2564 posse.

143 2671 665 2745 tomuiuiustu]alleerforderlichen
721 2658 813 2726 ‘liber
840 2673 936 2727 diesen
963 2675 1072 2743 Antrag
1096 2675 1165 2729 wird
1194 2675 1280 2744 abge·

105 2742 309 2798 Formalitaten
328 2744 377 2797 des
395 2741 606 2798 Fetialrechtes.
720 2743 843 2797 stimmt’
865 2741 959 2798 heillt:
978 2747 1011 2799 iu
1028 2747 1100 2800 banc
1118 2751 1280 2802 senteutiam

144 2820 169 2868 8.
188 2813 277 2884 cordi]
298 2813 362 2883 Vgl.
381 2815 452 2882 Kap.
472 2821 496 2882 1,
515 2819 540 2867 4.
719 2815 870 2870 disceditur
899 2814 977 2878 (Sall.
1006 2813 1064 2870 cat.
1095 2821 1182 2883 55,1.
1218 2817 1279 2871 Liv.

143 2890 167 2939 9.
188 2885 293 2956 utens]
314 2885 378 2955 vgl.
398 2884 467 2954 Kap.
489 2890 513 2952 1,
532 2889 557 2938 8.
637 2918 640 2922 ι
719 2885 751 2950 8,
769 2890 818 2952 41,
839 2892 866 2952 1;
895 2885 1062 2953 111411
1091 2887 1142 2954 80,
1167 2894 1215 2955 23,
1239 2891 1280 2956 8);

142 2964 184 3010 10.
204 2954 376 3025 Gliederung
393 2957 444 3010 der
462 2955 552 3010 Rede:
571 2957 599 3025 a)
618 2961 633 3022 ξ
648 2962 664 3010 3
721 2955 824 3012 ‘ciuem
839 2958 947 3026 Antrag
960 2956 1112 3013 beitretsn’
1134 2955 1230 3013 beisstz
1247 2961 1281 3013 ia

104 3026 281 3096 Einleitung,
306 3026 410 3083 offerres
429 3025 597 3082 Gestdndnis
616 3031 665 3080 der
717 3029 879 3082 senteutiam
899 3030 1018 3098 pedibus
1044 3031 1085 3085 ire
1112 3030 1191 3099 (Sall.
1219 3029 1279 3085 Cat.

105 3097 226 3165 Schnld;
244 3096 507 3168 b)§4Propositio
522 3098 578 3152 und
594 3097 664 3167 Cap·
718 3104 761 3165 50,
781 3103 806 3152 4.
843 3098 904 3175 Liq.
923 3100 954 3168 ὅ,
981 3106 1010 3168 9,
1036 3106 1066 3168 23
1093 3101 1143 3166 27,
1169 3108 1218 3171 ³4,
1245 3104 1280 3172 7).

103 3171 175 3225 tatio
187 3169 412 3236 benevolentiam
428 3171 664 3239 c)§6-7Haupt-
717 3169 771 3225 Die
785 3171 947 3238 Senatores,
965 3172 1072 3226 welche
1086 3172 1169 3228 keine
1182 3172 1280 3228 Reden

105 3242 201 3296 sthclr:
224 3239 280 3295 Der
304 3241 385 3295 Stant
402 3242 441 3294 ist
458 3240 538 3295 nicht
558 3242 664 3310 gebun·
718 3260 752 3296 aa
766 3241 865 3297 hulten
877 3243 1011 3312 pflegten,
1030 3241 1280 3301 hiellenseuatores

105 3311 664 3382 den,diespousoressollenausgeliefcrt,
714 3312 834 3383 pedarii.

105 3386 154 3439 der
179 3381 247 3437 Kric
299 3382 352 3438 soll
382 3384 511 3438 erneuert
540 3384 663 3450 werden;
754 3385 982 3457 tribuntsplebis]
997 3385 1280 3441 Dicvolkstribunen

106 3456 136 3524 d)
155 3455 240 3509 Schlu
267 3477 274 3508 ε
302 3455 378 3510 Bitte
406 3471 440 3507 au
464 3455 517 3508 den
546 3455 665 3510 Gottern
719 3455 832 3510 durften
854 3455 901 3510 die
925 3457 1008 3512 Stadt
1032 3459 1113 3511 nicht
1130 3456 1279 3512 verlassen.

107 3544 155 3581 nm
174 3526 265 3581 Glnck
283 3525 329 3578 ldr
347 3525 401 3579 den
420 3541 510 3580 neuen
528 3524 622 3594 Krieg.
690 3555 693 3561 ·
720 3525 815 3581 Livius
834 3545 861 3580 a.
881 3527 982 3582 Mdlius
1002 3545 1095 3582 waren
1121 3528 1181 3582 also
1200 3527 1281 3583 nicht

144 3602 186 3652 11.
204 3597 326 3668 incessit]
342 3621 376 3642 =
391 3599 541 3665 occupavit.
570 3595 666 3651 Livius
720 3597 853 3651 whhrend
876 3597 951 3653 ihrer
968 3597 1106 3653 Amtszeit
1126 3599 1166 3651 irn
1189 3599 1279 3653 Heere

108 3668 255 3722 verbindet
273 3668 397 3723 incedere
410 3666 440 3720 in
454 3667 547 3721 dieser
560 3668 666 3721 Bedeu-
719 3666 767 3722 bei
795 3666 931 3722 Caudium
955 3670 1042 3739 (wohl
1068 3669 1110 3723 als
1129 3669 1279 3738 Kriegstri-

105 3740 178 3808 tnng
201 3738 243 3793 oft
260 3738 313 3791 mit
330 3739 394 3792 dem
413 3741 492 3805 Aca,
517 3738 590 3792 doch
608 3737 666 3793 ein·
719 3738 826 3804 bnncn;
853 3739 911 3808 vgl.
930 3737 1001 3809 Kap.
1022 3746 1051 3808 5,
1071 3742 1106 3811 4).
1143 3740 1223 3794 Auch
1242 3739 1281 3794 ist

105 3810 165 3863 mal
183 3807 236 3862 mit
252 3808 316 3862 dem
331 3806 416 3862 Daliv
431 3806 467 3876 (4,
483 3814 526 3874 57,
542 3811 595 3879 10),
613 3808 666 3864 wie
719 3809 799 3864 nicht
817 3810 1063 3878 wahrscheinlich,
1086 3807 1143 3863 dalt
1168 3810 1209 3865 sia
1227 3811 1282 3866 seit

107 3879 201 3949 cesar,
220 3879 334 3947 Sallust,
354 3877 473 3933 Curtius.
502 3878 552 3933 Bei
571 3880 667 3935 Cicero
721 3879 797 3935 ihrer
819 3881 970 3936 Rdckkehr
994 3898 1049 3935 von
1068 3879 1205 3935 Caudium
1230 3898 1280 3950 ge-

106 3952 194 4006 findet
213 3967 242 4004 es
261 3950 321 4004 sich
339 3949 427 4005 nicht.
721 3952 810 4006 wahlt
838 3952 952 4005 wurdon
978 3951 1046 4022 (vgl.
1076 3950 1145 4022 Kap.
1171 3959 1195 4019 7,
1225 3957 1278 4020 11).

144 4029 186 4077 13.
206 4022 337 4077 laudibus
353 4021 444 4093 modo]
463 4039 516 4074 nur
532 4021 585 4075 mit
598 4020 667 4092 Lob,
720 4021 865 4077 Demnach
884 4038 976 4077 waren
990 4024 1031 4076 sie
1045 4022 1128 4091 wohl,
1147 4026 1279 4080 wahrend

107 4094 180 4150 ohne
199 4094 255 4148 alle
274 4093 420 4148 Einreden.
721 4091 906 4148 sieimFelde
916 4093 1042 4162 standen,
1057 4095 1099 4148 als
1107 4094 1280 4151 Abwesende

139 4165 270 4234 pedibas]
283 4163 439 4232 Gcgensatz
448 4179 481 4216 zu
490 4164 586 4218 verbis.
614 4164 666 4219 Die
721 4163 847 4233 gewtblt
861 4163 982 4230 worden,
1001 4166 1054 4220 ehc
1068 4165 1113 4220 die
1126 4165 1282 4222 Naohricht

107 4236 345 4304 Abatimmungen
366 4235 437 4289 fiber
458 4233 592 4303 wichtige
610 4238 667 4289 An·
721 4251 785 4289 vom
809 4233 940 4304 Unglhclx
968 4236 1015 4291 bei
1043 4235 1178 4293 Gaudium
1206 4240 1280 4293 nach

107 4310 188 4377 trhge
202 4306 306 4361 landen
319 4307 356 4359 im
368 4306 455 4361 Senat
469 4322 499 4359 so
515 4308 591 4374 statt,
611 4304 667 4360 dall
720 4306 793 4360 Rom
811 4307 891 4374 kam,
919 4307 977 4361 und
1000 4308 1099 4364 hatten
1123 4310 1189 4363 bald
1207 4309 1280 4364 nach

108 4395 173 4434 man
187 4379 261 4433 nach
271 4377 487 4433 verschiedenen
499 4375 593 4431 Seiten
603 4394 666 4431 aaa·
720 4377 795 4432 ihrer
804 4376 958 4434 Heimlrehr
968 4379 1018 4435 das
1027 4378 1096 4435 Amt
1105 4382 1279 4449 angetreten.

109 4449 242 4506 einander
278 4448 347 4518 ging
384 4447 484 4519 (durch
520 4450 664 4518 discessio).
759 4451 1289 4523 111111111111]1111151111.
